[
  {
    "title": "BRIT 'Premium By Nature' - Sensitive Lamb (3kg)",
    "url": "https://zooart.com.pl/product-pol-22383-BRIT-Premium-By-Nature-Sensitive-Lamb-3kg.html",
    "brand": "Brit",
    "productCode": "110-170843",
    "series": "3kg",
    "shortDescription": "Täissööt lambalihaga kõikidele täiskasvanud koertele, eriti sobiv tundliku seedimisega koertele.",
    "longDescription": "Brit Premium By Nature lambalihaga on täisväärtuslik kuivtoit kõikidele täiskasvanud koertele, mis sobib eriti hästi tundliku seedesüsteemiga lemmikutele. See toit toetab seedimist, tugevdab immuunsust ning aitab hoida naha terve ja karva läikivana.\n\nEelised:\n\n- Sobib tundliku seedimisega koertele\n- Tervislik nahk ja läikiv karvkate\n- Parandab immuunsust ja üldist vormi\n\nPakendid: 1 kg, 3 kg, 8 kg, 15 kg\n\nKoostisosad:\nLambaliha 35% (20% dehüdreeritud, 15% kondita), riis, kanarasv (säilitatud tokoferoolidega), pruun riis, kuivatatud õunad, lõheõli (2%), hüdrolüüsitud kanamaks, õllepärm, kollageen, koorikloomade kestade hüdrolüsaat (glükoosamiini allikas, 210 mg/kg), kõhreekstrakt (kondroitiini allikas, 150 mg/kg), taimede ja puuviljade ekstrakt (nelk, tsitruselised, rosmariin, kurkum, 120 mg/kg), manno-oligosahhariidid (120 mg/kg), frukto-oligosahhariidid (90 mg/kg), Mojave jukka (90 mg/kg), kuivatatud kummel (80 mg/kg), rohelisehuuleline rannakarp (glükoosaminoglükaanide allikas, 50 mg/kg), kuivatatud mustikad (50 mg/kg).\n\nAnalüütiline koostis:\n- Toorproteiin: 26,0%\n- Toorrasv: 13,0%\n- Niiskus: 10,0%\n- Toortuhk: 7,0%\n- Toorkiud: 3,0%\n- Kaltsium: 1,6%\n- Fosfor: 1,1%\n- Omega-3 rasvhapped: 0,2%\n- Omega-6 rasvhapped: 1,5%\n\nToidulisandid 1 kg kohta:\n- A-vitamiin (3a672a): 15 000 IU\n- D3-vitamiin (E671): 1 000 IU\n- E-vitamiin (α-tokoferool, 3a700): 400 mg\n- Biotiin (3a880): 0,5 mg\n- Koliinkloriid (3a890): 500 mg\n- Tsingi aminohappeline kelaat, hüdraat (3b606): 70 mg\n- Raua aminohappeline kelaat, hüdraat (E1): 60 mg\n- Mangaani aminohappeline kelaat, hüdraat (E5): 30 mg\n- Kaaliumjodiid (3b201): 0,5 mg\n- Vase aminohappeline kelaat, hüdraat (E4): 12 mg\n- Orgaaniline seleen, toodetud Saccharomyces cerevisiae CNCM I-3060 poolt (3b8.10): 0,2 mg\n\nSisaldab EL-is heakskiidetud antioksüdante: taimsete õlide tokoferooliekstraktid (1b306), askorbiinpalmitaat (1b304) ja rosmariiniekstrakt.\n\nMetaboliseeruv energia: 3660 kcal/kg\n\nToitumisjuhised:\nVõib anda kuivalt või leige veega niisutatult. Jagage päevane portsjon 1–2 võrdsesse ossa. Soovituslik päevane kogus on esitatud alltoodud tabelis. Kui annate Brit Premium toitu esimest korda, alustage väiksema kogusega ja segage seda eelnevalt kasutatud toiduga. Suurendage järk-järgult Brit Premiumi osakaalu. Pidage meeles, et koeral peab alati olema värske joogivesi saadaval.\n\nToitumistabel:\n\nKoera kehakaal (kg) | Päevane kogus (g)\n--------------------|-------------------\n5                   | 75\n10                  | 120\n15                  | 170\n20                  | 200\n25                  | 250\n30                  | 280\n40                  | 340\n50                  | 400\n60                  | 460\n70                  | 520\n80                  | 570\n90                  | 630\n\nParim enne: vt pakendilt. Vältige otsest päikesevalgust, hoidke toodet kuivas ja jahedas kohas. Sulgege pakk hoolikalt pärast kasutamist.",
    "catalogPrice": 8.16,
    "unitPrice": 12.62,
    "availability": "",
    "shipping": "w czwartek",
    "loyaltyPoints": 9.47,
    "labels": [],
    "images": [],
    "sizes": [
      {
        "type": "onesize",
        "name": "uniwersalny",
        "price": 37.86,
        "priceEUR": 9.58
      }
    ],
    "productId": "22383",
    "catalogPriceEUR": 2.06,
    "unitPriceEUR": 3.19,
    "scrapedAt": "2025-07-30T17:35:40.924Z"
  },
  {
    "title": "BRIT 'Premium By Nature' - Sensitive Lamb (8kg)",
    "url": "https://zooart.com.pl/product-pol-22384-BRIT-Premium-By-Nature-Sensitive-Lamb-8kg.html",
    "brand": "Brit",
    "productCode": "110-170844",
    "series": "8kg",
    "shortDescription": "Täissööt lambalihaga kõikidele täiskasvanud koertele, sobib eriti tundliku seedimisega koertele.",
    "longDescription": "Brit Premium By Nature lambalihaga on täisväärtuslik kuivtoit täiskasvanud koertele kõikidest tõugudest, mis sobib eriti hästi tundliku seedesüsteemiga lemmikutele. Toetab seedimist, tugevdab immuunsust ning aitab hoida naha ja karvkatte terve ja läikivana.\n\nEelised:\n\n• Sobib tundliku seedimisega koertele\n• Toetab naha ja karvkatte tervist\n• Parandab vastupanuvõimet ja üldist konditsiooni\n\nPakendid: 1 kg, 3 kg, 8 kg, 15 kg\n\nKoostisosad:\nLambaliha 35% (kuivatatud 20%, konditustatud 15%), riis, kanarasv (säilitatud tokoferoolidega), pruun riis, kuivatatud õun, lõheõli (2%), hüdrolüüsitud kanamaks, õllepärm, kollageen, hüdrolüüsitud koorikloomade kestad (glükoosamiini allikas, 210 mg/kg), kõhreekstrakt (kondroitiini allikas, 150 mg/kg), ürtide ja puuviljade ekstrakt (nelk, tsitruselised, rosmariin, kurkum, 120 mg/kg), manno-oligosahhariidid (120 mg/kg), frukto-oligosahhariidid (90 mg/kg), Mojave jukka (90 mg/kg), kuivatatud kummel (80 mg/kg), roheliste huultega rannakarp (glükoosaminoglükaanide allikas, 50 mg/kg), kuivatatud mustikad (50 mg/kg).\n\nAnalüütilised koostisosad:\nToorvalk 26,0%, toorrasv 13,0%, niiskus 10,0%, toortuhk 7,0%, toorkiud 3,0%, kaltsium 1,6%, fosfor 1,1%, oomega-3 rasvhapped 0,2%, oomega-6 rasvhapped 1,5%.\n\nToidulisandid 1 kg kohta:\nA-vitamiin (3a672a) 15 000 IU, D3-vitamiin (E671) 1000 IU, E-vitamiin (α-tokoferool) (3a700) 400 mg, biotiin (3a880) 0,5 mg, koliinkloriid (3a890) 500 mg, tsingi aminohappekelaat, hüdraat (3b606) 70 mg, raud-aminohappekelaat, hüdraat (E1) 60 mg, mangaani aminohappekelaat, hüdraat (E5) 30 mg, kaaliumjodiid (3b201) 0,5 mg, vase aminohappekelaat, hüdraat (E4) 12 mg, orgaaniline seleen, toodetud Saccharomyces cerevisiae CNCM I-3060 (3b8.10) 0,2 mg.\n\nSisaldab EL-is heaks kiidetud antioksüdante: tokoferooli ekstraktid taimsetest õlidest (1b306), askorbyülpalmitaat (1b304) ja rosmariini ekstrakt.\n\nMetaboliseeruv energia: 3660 kcal/kg\n\nToitumisjuhend:\nVõib anda kuivalt või leiges vees niisutatult. Päevane kogus jagada 1–2 portsjoniks. Soovitatav päevane kogus on toodud toitumistabelis. Kui annad Brit Premiumi esimest korda, alusta väiksemast kogusest ja sega eelnevalt kasutatud toiduga. Järk-järgult suurenda Brit Premiumi osakaalu. Tagada tuleb, et koeral oleks alati värske joogivesi saadaval.\n\nToitumistabel:\n\nKoera kehakaal (kg):\n5      10     15     20     25     30     40     50     60     70     80     90\nPäevane kogus (g):\n75    120   170   200   250   280   340   400   460   520   570   630\n\nSäilitamine:\nParim enne: vt pakendilt. Vältida otsest päikesevalgust, hoida toodet kuivas ja jahedas kohas. Sulgege pakk hoolikalt pärast kasutamist.",
    "catalogPrice": 8.16,
    "unitPrice": 11.08,
    "availability": "",
    "shipping": "w czwartek",
    "loyaltyPoints": 22.17,
    "labels": [],
    "images": [],
    "sizes": [
      {
        "type": "onesize",
        "name": "uniwersalny",
        "price": 88.67,
        "priceEUR": 22.43
      }
    ],
    "productId": "22384",
    "catalogPriceEUR": 2.06,
    "unitPriceEUR": 2.8,
    "scrapedAt": "2025-07-30T17:36:04.583Z"
  },
  {
    "title": "BRIT 'Premium By' - Nature Sport (15kg)",
    "url": "https://zooart.com.pl/product-pol-22387-BRIT-Premium-By-Nature-Sport-15kg.html",
    "brand": "Brit",
    "productCode": "110-170848",
    "series": "15kg",
    "shortDescription": "Stressi ennetamine ja südame toetamine – täissööt kanaga kõikidele tõugudele koertele, kellel on suur energiavajadus.",
    "longDescription": "BRIT Premium By Nature Sport 15 kg – kuivtoit kõrge energiavajadusega kõikidele koertele\n\nBRIT Premium By Nature Sport 15 kg kuivtoit on loodud spetsiaalselt väga aktiivsete ja töötavate koerte vajadusi silmas pidades. Unikaalne retsept tagab rohkelt energiat, mis on vajalik kelgukoertele, jahikoertele või päästeteenistuses töötavatele koertele ning sportlikele lemmikutele. Peamiseks valguallikaks on kana, mis muudab toidu hästi seeditavaks ja kergesti omastatavaks. Sobib kõikidele täiskasvanud koertele, kellel on suur füüsiline aktiivsus ja energiavajadus. Toit vastab täissööda kõikidele nõuetele ning toetab lihaste taastumist, südame tööd ja immuunsust.\n\nToote omadused:\n- Peamine valguallikas: kana (50% – dehüdreeritud 30%, konditustatud 20%)\n- Kergesti seeditav ja hästi omastatav\n- Mineraalide, vitamiinide ja rasvade tasakaalustatud koostis\n- Sisaldab looduslikku glükoosamiini ja kondroitiini liigeste toetuseks\n- Maitsev tänu kanamaksale ja lõheõlile\n- Sobib ka pirtsakatele sööjatele\n- Saadaval ka 3 kg pakendis väiksematele koertele\n\nKoostisosad:\nKana 50% (dehüdreeritud 30%, konditustatud 20%), kaer, kanarasv (säilitatud tokoferoolidega), nisu, mais, lõheõli (2%), hüdrolüüsitud kanamaks, õllepärm, kuivatatud õunad, kollageen, hüdrolüüsitud koorikloomade kestad (glükoosamiini allikas, 260 mg/kg), kõhreekstrakt (kondroitiini allikas, 180 mg/kg), ürdi- ja puuviljaekstrakt (nelk, tsitruselised, rosmariin, kurkum, 150 mg/kg), mannanoligosahhariidid (150 mg/kg), fruktooligosahhariidid (100 mg/kg), Mojave jukka (100 mg/kg), kuivatatud kummel (90 mg/kg), rohelise rannakarbi pulber (glükoosaminoglükaanide allikas, 60 mg/kg), kuivatatud mustikad (60 mg/kg).\n\nAnalüütiline koostis:\nToorvalk 31,0%, toorrasv 22,0%, niiskus 10,0%, toortuhk 7,0%, toorkiud 1,5%, kaltsium 1,5%, fosfor 1,1%, oomega-3 rasvhapped 0,25%, oomega-6 rasvhapped 2,5%.\n\nToidulisandid 1 kg kohta:\nVitamiin A (3a672a) 20 000 IU, vitamiin D3 (E671) 1200 IU, vitamiin E (α-tokoferool) (3a700) 500 mg, L-karnitiin (3a910) 100 mg, biotiin (3a880) 0,6 mg, koliinkloriid (3a890) 600 mg, tsingi aminohappekelaat (3b606) 90 mg, raua-aminohappekelaat, hüdraat (E1) 80 mg, mangaani aminohappekelaat, hüdraat (E5) 35 mg, kaaliumjodiid (3b201) 0,65 mg, vase aminohappekelaat, hüdraat (E4) 15 mg, orgaaniline seleen (Saccharomyces cerevisiae CNCM I-3060, 3b8.10) 0,2 mg.\n\nSisaldab EL-is heakskiidetud antioksüdante: taimsete õlide tokoferooliekstraktid (1b306), askorbyülpalmitaat (1b304), rosmariiniekstrakt.\n\nMetaboliseeritav energia: 4200 kcal/kg\n\nSäilitamine: Hoida kuivas ja jahedas, vältida otsest päikesevalgust. Pakend sulgeda hoolikalt pärast avamist. Parim enne: vt pakendilt.\n\n\nToitumisjuhised:\nVõib anda kuivalt või leiges vees niisutatult. Soovituslik päevane kogus tuleks jagada mitmeks väiksemaks portsjoniks vastavalt koera aktiivsusele. Esmakordsel Brit Premiumi pakkumisel sega väiksemas koguses uue toidu hulka eelmist toitu ning suurenda Brit Premiumi osakaalu järk-järgult. Koeral peab alati olema värske joogivesi kättesaadav.\n\nToitumistabel (päevane kogus grammides):\n\n| Koera kaal (kg) | Tavaline aktiivsus (g) | Suurenenud aktiivsus (g) |\n|-----------------|------------------------|--------------------------|\n| 5               | 60                     | 70                       |\n| 10              | 110                    | 130                      |\n| 15              | 140                    | 180                      |\n| 20              | 180                    | 210                      |\n| 25              | 210                    | 250                      |\n| 30              | 250                    | 280                      |\n| 40              | 310                    | 350                      |\n| 50              | 360                    | 420                      |\n| 60              | 410                    | 480                      |\n| 70              | 460                    | 530                      |\n| 80              | 520                    | 570                      |\n| 90              | 570                    | 620                      |\n",
    "catalogPrice": 8.16,
    "unitPrice": 8.66,
    "availability": "",
    "shipping": "w czwartek",
    "loyaltyPoints": 37.5,
    "labels": [],
    "images": [
      "https://zooart.com.pl/hpeciai/635a2e9acf9333e4ca40c585c9053b03/pol_pl_BRIT-Premium-By-Nature-Sport-15kg-22387_2.webp",
      "https://zooart.com.pl/hpeciai/5e4d75e2464c3dc188fef941df166802/pol_pl_BRIT-Premium-By-Nature-Sport-15kg-22387_1.webp"
    ],
    "sizes": [
      {
        "type": "onesize",
        "name": "uniwersalny",
        "price": 129.86,
        "priceEUR": 32.85
      }
    ],
    "productId": "22387",
    "catalogPriceEUR": 2.06,
    "unitPriceEUR": 2.19,
    "scrapedAt": "2025-07-30T17:36:27.365Z"
  },
  {
    "title": "BRIT 'Premium By Nature' - Adult M (2x15kg)",
    "url": "https://zooart.com.pl/product-pol-22492-BRIT-Premium-By-Nature-Adult-M-2x15kg.html",
    "brand": "Brit",
    "productCode": "",
    "series": "15kg",
    "shortDescription": "Täissööt kanaga keskmist tõugu täiskasvanud koertele (10–25 kg).",
    "longDescription": "BRIT Premium By Nature Adult M on maitsev ja toitaineterikas kuivtoit, mis on loodud spetsiaalselt keskmist tõugu (10–25 kg) täiskasvanud koertele. Kõrge kanasisaldus, hoolikalt valitud koostisosad ja tasakaalustatud toitainete profiil toetavad koera naha ja karvkatte tervist, head seedimist ning tugevat immuunsust.\n\nKui tavapärast pakendit pole saadaval, saadetakse BRIT Premium By Nature Adult M SILVER 15kg versioon.\n\nEelised:\n\n• Tervislik nahk ja läikiv karvkate\n• Hea seedimine\n• Immuunsuse ja üldise vormi tugevdamine\n\nTäissööt kanaga keskmist tõugu täiskasvanud koertele (10–25 kg).\n\nPakendid: 1 kg, 3 kg, 8 kg, 15 kg\n\nKoostisosad:\nKana 45% (kuivatatud 25%, konditustatud 20%), kaer, nisu, kanarasv (säilitatud tokoferoolidega), mais, kuivatatud õunad, lõheõli (2%), hüdrolüüsitud kanamaks, õllepärm, kollageen, hüdrolüüsitud koorikloomade kestad (glükoosamiini allikas, 210 mg/kg), kõhreekstrakt (kondroitiini allikas, 150 mg/kg), ürdi- ja puuviljaekstrakt (nelk, tsitruselised, rosmariin, kurkum, 120 mg/kg), manno-oligosahhariidid (120 mg/kg), frukto-oligosahhariidid (90 mg/kg), Mojave jukka (90 mg/kg),\nkuivatatud kummel (80 mg/kg), rohelise huulega rannakarp (glükoosaminoglükaanide allikas, 50 mg/kg), kuivatatud mustikad (50 mg/kg)\n\nAnalüütiline koostis:\nToorvalk 26,0%, toorrasv 15,0%, niiskus 10,0%, toortuhk 7,0%, toorkiud 2,2%, kaltsium 1,5%, fosfor 1,1%, oomega-3 rasvhapped 0,2%, oomega-6 rasvhapped 1,7%.\n\nToidulisandid 1 kg kohta:\nA-vitamiin (3a672a) 15 000 IU, D3-vitamiin (E671) 1000 IU, E-vitamiin (α-tokoferool) (3a700) 400 mg, biotiin (3a880) 0,5 mg, koliinkloriid (3a890) 500 mg, tsingi aminohappekelaat, hüdraat (3b606) 70 mg, raud-aminohappekelaat, hüdraat (E1) 60 mg, mangaani aminohappekelaat, hüdraat (E5) 30 mg, kaaliumjodiid (3b201) 0,5 mg, vase aminohappekelaat, hüdraat (E4) 12 mg, orgaaniline seleen Saccharomyces cerevisiae CNCM I-3060 (3b8.10) 0,2 mg.\n\nSisaldab EL-is heaks kiidetud antioksüdante: taimsete õlide tokoferooliekstraktid (1b306), askorbiinpalmitaat (1b304) ja rosmariiniekstrakt.\n\nMetaboliseeruv energia: 3790 kcal/kg\n\nToitumisjuhised:\nVõib anda kuivalt või leige veega niisutatult. Toitke koera 1–2 võrdse portsjonina päevas. Soovitatud päevane kogus on toodud allolevas tabelis. Kui annate Brit Premiumi esimest korda, alustage väiksema kogusega ja segage eelnevalt kasutatud toiduga, suurendades järk-järgult Brit Premiumi osakaalu. Koeral peab alati olema värske joogivesi kättesaadav.\n\nToitumistabel:\n\nKoera kehakaal (kg) | Päevane kogus (g)\n---------------------|-------------------\n10                   | 120\n15                   | 160\n20                   | 190\n25                   | 230\n\nParim enne: vt pakendilt. Hoida otsese päikesevalguse eest kaitstult, kuivas ja jahedas kohas. Sulgege pakk hoolikalt pärast kasutamist.",
    "catalogPrice": 21.42,
    "unitPrice": 6.88,
    "availability": "",
    "shipping": "w czwartek",
    "loyaltyPoints": 66.9,
    "labels": [],
    "images": [
      "https://zooart.com.pl/hpeciai/d9bf0c1586450e547712c4f0bd8671bb/pol_pl_BRIT-Premium-By-Nature-Adult-M-2x15kg-22492_3.webp",
      "https://zooart.com.pl/hpeciai/ef2693593b25056e8cf2b083c4f3e1bd/pol_pl_BRIT-Premium-By-Nature-Adult-M-2x15kg-22492_1.webp",
      "https://zooart.com.pl/hpeciai/e2e313d96bb7f821e6694118de9da64b/pol_pl_BRIT-Premium-By-Nature-Adult-M-2x15kg-22492_2.webp",
      "https://zooart.com.pl/hpeciai/410cef02c8b77c1f1004ef396d4a007e/pol_pl_BRIT-Premium-By-Nature-Adult-M-15kg-22364_2.webp"
    ],
    "sizes": [
      {
        "type": "onesize",
        "name": "uniwersalny",
        "price": 206.48,
        "priceEUR": 52.24
      }
    ],
    "productId": "22492",
    "catalogPriceEUR": 5.42,
    "unitPriceEUR": 1.74,
    "scrapedAt": "2025-07-30T17:37:04.610Z"
  },
  {
    "title": "BRIT 'Premium By Nature' - Senior S+M (2x15kg)",
    "url": "https://zooart.com.pl/product-pol-22493-BRIT-Premium-By-Nature-Senior-S-M-2x15kg.html",
    "brand": "Brit",
    "productCode": "",
    "series": "15kg",
    "shortDescription": "Täissööt kanaga eakatele väikest ja keskmist tõugu koertele (+7 aastat, 1–25 kg).",
    "longDescription": "Brit Premium By Nature – täisväärtuslik kuivtoit kanaga eakatele väikest ja keskmist tõugu koertele (+7 aastat, 1–25 kg). Toetab südame tööd, aitab säilitada optimaalset kehakaalu ning hoiab liigesed ja liikuvuse heas seisundis. \n\nPeamised eelised:\n\n• Stressi ennetamine ja südame funktsiooni tugi\n• Optimaalne kehakaalu kontroll\n• Liigeste ja liikuvuse toetamine\n\nPakendid: 1 kg, 3 kg, 8 kg, 15 kg\n\nKoostisosad:\nKana 42% (kuivatatud 22%, kondita 20%), tavaline kaer, nisu, mais, kuivatatud õunad, kanarasv (säilitatud tokoferoolidega), lõheõli (2%), hüdrolüüsitud kanamaks, õllepärm, kollageen, hüdrolüüsitud koorikloomade kestad (glükoosamiini allikas, 210 mg/kg), kõhreekstrakt (kondroitiini allikas, 150 mg/kg), ürdi- ja puuviljaekstrakt (nelk, tsitruselised, rosmariin, kurkum, 120 mg/kg), manno-oligosahhariidid (120 mg/kg), frukto-oligosahhariidid (90 mg/kg), Mojave jukka (90 mg/kg), kuivatatud kummel (80 mg/kg), roheliste huultega rannakarp (glükoosaminoglükaanide allikas, 50 mg/kg), kuivatatud mustikad (50 mg/kg).\n\nAnalüütilised koostisosad:\nToorvalk 25,0%, toorrasv 13,0%, niiskus 10,0%, toortuhk 7,8%, toorkiud 3,0%, kaltsium 1,5%, fosfor 1,1%, oomega-3-rasvhapped 0,18%, oomega-6-rasvhapped 1,4%.\n\nToidulisandid 1 kg kohta:\nA-vitamiin (3a672a) 15 000 IU, D3-vitamiin (E671) 1000 IU, E-vitamiin (α-tokoferool) (3a700) 400 mg, biotiin (3a880) 0,5 mg, koliinkloriid (3a890) 500 mg, tsingi aminohappekelaat, hüdraat (3b606) 70 mg, raua aminohappekelaat, hüdraat (E1) 60 mg, mangaani aminohappekelaat, hüdraat (E5) 30 mg, kaaliumjodiid (3b201) 0,5 mg, vase aminohappekelaat, hüdraat (E4) 12 mg, orgaaniline seleen (Saccharomyces cerevisiae CNCM I-3060, 3b8.10) 0,2 mg.\n\nSisaldab EL-is heakskiidetud antioksüdante: tokoferooliekstrakt taimeõlidest (1b306), askorbyülpalmitaat (1b304) ja rosmariiniekstrakt.\n\nMetaboliseeruv energia: 3620 kcal/kg\n\nToitumisjuhised:\nVõib anda kuivalt või leige veega niisutatult. Päevane kogus jagada 1–2 portsjoniks. Soovitatav päevane kogus on toodud toitmistabelis. Kui annad Brit Premiumi esimest korda, alusta väiksema kogusega ja sega eelnevalt kasutatud toiduga, suurendades järk-järgult Brit Premiumi osakaalu. Tagada, et koeral oleks alati värske joogivesi saadaval.\n\nToitmistabel:\n\nKoera kehakaal (kg) | Päevane kogus (g)\n---------------------|-------------------\n1                    | 20\n3                    | 45\n5                    | 70\n7                    | 90\n10                   | 120\n15                   | 160\n20                   | 200\n25                   | 230\n\nKõlblik kuni: vt pakendilt. Hoida kuivas ja jahedas, kaitsta otsese päikesevalguse eest. Sulge pakk hoolikalt pärast kasutamist.",
    "catalogPrice": 5.1,
    "unitPrice": 7.19,
    "availability": "",
    "shipping": "w czwartek",
    "loyaltyPoints": 68.42,
    "labels": [],
    "images": [
      "https://zooart.com.pl/hpeciai/9c182082d2d0959052f047900efbd0bc/pol_pl_BRIT-Premium-By-Nature-Senior-S-M-2x15kg-22493_3.webp",
      "https://zooart.com.pl/hpeciai/cbbdd7778d7f5b289a2b43a7d99ab364/pol_pl_BRIT-Premium-By-Nature-Senior-S-M-2x15kg-22493_1.webp",
      "https://zooart.com.pl/hpeciai/0a47ee6d8a151de0854d85ba9efdf06a/pol_pl_BRIT-Premium-By-Nature-Senior-S-M-15kg-22368_2.webp"
    ],
    "sizes": [
      {
        "type": "onesize",
        "name": "uniwersalny",
        "price": 215.68,
        "priceEUR": 54.57
      }
    ],
    "productId": "22493",
    "catalogPriceEUR": 1.29,
    "unitPriceEUR": 1.82,
    "scrapedAt": "2025-07-30T17:37:31.859Z"
  },
  {
    "title": "BRIT 'Premium By Nature' - Adult L (2x15kg)",
    "url": "https://zooart.com.pl/product-pol-22495-BRIT-Premium-By-Nature-Adult-L-2x15kg.html",
    "brand": "Brit",
    "productCode": "",
    "series": "15kg",
    "shortDescription": "Brit Premium By Nature Adult L 15 kg on täisväärtuslik toit, mis pakub täiskasvanud koertele kõiki vajalikke toitaineid.",
    "longDescription": "Brit Premium By Nature Adult L 15 kg – toit suurtele täiskasvanud koertele\n\nBrit Premium By Nature Adult L 15 kg kuivtoit on täisväärtuslik igapäevane eine, mis varustab sinu suurt täiskasvanud koera kõigi vajalike toitainetega. Tasakaalustatud koostis toetab immuunsust, parandab üldist vormi ning soodustab liigeste tervist. Maitsev kanaliha on rikastatud looduslike ürdi- ja puuviljaekstraktidega, mis tõstavad toidu tervislikkust. Regulaarne toitmine aitab hoida sinu koera karva läikiva ja naha tervena.\n\nEelised:\n- Liigeste ja liikuvuse toetamine\n- Tervislik nahk ja läikiv karvkate\n- Immuunsuse ja üldise vormi parandamine\n\nTäissööt kanalihaga suurtele täiskasvanud koertele (25–45 kg).\n\nKoostisosad:\nKana 45% (kuivatatud 25%, konditustatud 20%), kaer, nisu, kanarasv (säilitatud tokoferoolidega), mais, kuivatatud õunad, lõheõli (2%), hüdrolüüsitud kanamaks, õllepärm, kollageen, hüdrolüüsitud koorikloomade kest (glükoosamiini allikas, 210 mg/kg), kõhreekstrakt (kondroitiini allikas, 150 mg/kg), ürtide ja puuviljade ekstrakt (nelk, tsitruselised, rosmariin, kurkum, 120 mg/kg), manno-oligosahhariidid (120 mg/kg), frukto-oligosahhariidid (90 mg/kg), Mojave jukka (90 mg/kg), kuivatatud kummel (80 mg/kg), rohekõrvaline rannakarp (glükoosaminoglükaanide allikas, 50 mg/kg), kuivatatud mustikad (50 mg/kg).\n\nAnalüütiline koostis:\nToorvalk 27,0%, toorrasv 14,0%, niiskus 10,0%, toortuhk 7,0%, toorkiud 2,0%, kaltsium 1,5%, fosfor 1,1%, omega-3 rasvhapped 0,2%, omega-6 rasvhapped 1,6%.\n\nToidulisandid 1 kg kohta:\nA-vitamiin (3a672a) 15 000 IU, D3-vitamiin (E671) 1000 IU, E-vitamiin (α-tokoferool) (3a700) 400 mg, biotiin (3a880) 0,5 mg, koliinkloriid (3a890) 500 mg, tsingi aminohappekelaat, hüdraat (3b606) 70 mg, raua-aminohappekelaat, hüdraat (E1) 60 mg, mangaani aminohappekelaat, hüdraat (E5) 30 mg, kaaliumjodiid (3b201) 0,5 mg, vase aminohappekelaat, hüdraat (E4) 12 mg, orgaaniline seleen (Saccharomyces cerevisiae CNCM I-3060) (3b8.10) 0,2 mg.\n\nSisaldab EL-is heakskiidetud antioksüdante: tokoferooliekstraktid taimsetest õlidest (1b306), askorbiinpalmitaat (1b304) ja rosmariiniekstrakt.\n\nMetaboliseeruv energia: 3770 kcal/kg\n\nToitumisjuhised:\nVõib anda kuivalt või niisutatult leige veega. Anna toit 1–2 võrdseks jaotatud portsjonina päevas. Soovitatavad päevased kogused on toodud toitmistabelis. Kui annad Brit Premium toitu esimest korda, kasuta alguses väiksemat kogust ja sega see eelnevalt kasutatud toiduga. Suurenda järk-järgult Brit Premiumi osakaalu. Veendu, et koeral oleks alati värske joogivesi kättesaadav.\n\nToitmistabel:\n\nKoera kehakaal (kg) | Päevane kogus (g)\n--------------------|-------------------\n25                  | 220\n30                  | 260\n35                  | 290\n40                  | 320\n45                  | 360\n\nParim enne: vaata pakendilt. Hoida kuivas ja jahedas, vältida otsest päikesevalgust. Sulge pakk hoolikalt pärast kasutamist.",
    "catalogPrice": 99.99,
    "unitPrice": 7.12,
    "availability": "",
    "shipping": "w czwartek",
    "loyaltyPoints": 67.2,
    "labels": [],
    "images": [
      "https://zooart.com.pl/hpeciai/4519c76ec1bc61db612aa53afa29c129/pol_pl_BRIT-Premium-By-Nature-Adult-L-2x15kg-22495_3.webp",
      "https://zooart.com.pl/hpeciai/88542a06ff7a0240d096001d941ddd0a/pol_pl_BRIT-Premium-By-Nature-Adult-L-2x15kg-22495_1.webp",
      "https://zooart.com.pl/hpeciai/506c386e5786bcca319ade4a35e7e47e/pol_pl_BRIT-Premium-By-Nature-Adult-L-15kg-22373_1.webp"
    ],
    "sizes": [
      {
        "type": "onesize",
        "name": "uniwersalny",
        "price": 213.6,
        "priceEUR": 54.04
      }
    ],
    "productId": "22495",
    "catalogPriceEUR": 25.3,
    "unitPriceEUR": 1.8,
    "scrapedAt": "2025-07-30T17:38:01.355Z"
  },
  {
    "title": "BRIT 'Premium By Nature' - Sensitive Lamb (2x15kg)",
    "url": "https://zooart.com.pl/product-pol-22500-BRIT-Premium-By-Nature-Sensitive-Lamb-2x15kg.html",
    "brand": "Brit",
    "productCode": "",
    "series": "15kg",
    "shortDescription": "Täissööt lambalihaga kõikidele täiskasvanud koertele.",
    "longDescription": "BRIT Premium By Nature lambalihaga on täisväärtuslik kuivtoit, mis on loodud täiskasvanud koertele kõikidest tõugudest, eriti sobilik tundliku seedimisega koertele. Selle tasakaalustatud koostis toetab seedetrakti, soodustab terve naha ja läikiva karvkatte teket ning tugevdab immuunsust ja üldist heaolu.\n\nEelised:\n\n• Sobib tundliku seedimisega koertele\n• Tervislik nahk ja läikiv karvkate\n• Parandab vastupanuvõimet ja füüsilist vormi\n\nPakendid: 1 kg, 3 kg, 8 kg, 15 kg\n\nKoostisosad:\nLambaliha 35% (kuivatatud 20%, konditustatud 15%), riis, kanarasv (säilitatud tokoferooli seguga), pruuni riis, kuivatatud õunad, lõheõli (2%), hüdrolüüsitud kanamaks, õllepärm, kollageen, hüdrolüüsitud koorikloomade kestad (glükoosamiini allikas, 210 mg/kg), kõhreekstrakt (kondroitiini allikas, 150 mg/kg), ürdi- ja puuviljaekstraktid (nelk, tsitrusviljad, rosmariin, kurkum, 120 mg/kg), manno-oligosahhariidid (120 mg/kg), frukto-oligosahhariidid (90 mg/kg), Mojave jukka (90 mg/kg), kuivatatud kummel (80 mg/kg), rohekõrvaline rannakarp (glükoosaminoglükaanide allikas, 50 mg/kg), kuivatatud mustikad (50 mg/kg).\n\nAnalüütiline koostis:\nToorvalk 26,0%, toorrasv 13,0%, niiskus 10,0%, toortuhk 7,0%, toorkiud 3,0%, kaltsium 1,6%, fosfor 1,1%, oomega-3 rasvhapped 0,2%, oomega-6 rasvhapped 1,5%.\n\nToidulisandid 1 kg kohta:\nA-vitamiin (3a672a) 15 000 IU, D3-vitamiin (E671) 1000 IU, E-vitamiin (α-tokoferool) (3a700) 400 mg, biotiin (3a880) 0,5 mg, koliinkloriid (3a890) 500 mg, tsingi aminohappekelaat, hüdraat (3b606) 70 mg, raua aminohappekelaat, hüdraat (E1) 60 mg, mangaani aminohappekelaat, hüdraat (E5) 30 mg, kaaliumjodiid (3b201) 0,5 mg, vase aminohappekelaat, hüdraat (E4) 12 mg, orgaaniline seleen, toodetud Saccharomyces cerevisiae CNCM I-3060 abil (3b8.10) 0,2 mg.\n\nSisaldab EL-is heaks kiidetud antioksüdante: tokoferooliekstraktid taimeõlidest (1b306), askorbiinpalmitaat (1b304) ja rosmariiniekstrakt.\n\nMetaboliseeruv energia: 3660 kcal/kg\n\nToitumisjuhised:\nVõib anda kuivalt või leige veega niisutatult. Toida koera 1-2 võrdses portsjonis päevas. Soovitatavad päevased kogused on toodud allolevas tabelis. Kui annad Brit Premiumi esmakordselt, alusta väiksema kogusega ja sega see senise toiduga, suurendades Brit Premiumi kogust järk-järgult. Veendu, et koeral oleks alati värske joogivesi saadaval.\n\nToitumistabel:\n\nKoera kehakaal (kg)   | Päevane kogus (g)\n--------------------- | -----------------\n5                     | 75\n10                    | 120\n15                    | 170\n20                    | 200\n25                    | 250\n30                    | 280\n40                    | 340\n50                    | 400\n60                    | 460\n70                    | 520\n80                    | 570\n90                    | 630\n\nKõlblik kuni: vt pakendilt. Hoida otsese päikesevalguse eest kaitstult, kuivas ja jahedas kohas. Sulge pakk hoolikalt pärast kasutamist.",
    "catalogPrice": 8.16,
    "unitPrice": 9.43,
    "availability": "",
    "shipping": "w czwartek",
    "loyaltyPoints": 89.88,
    "labels": [],
    "images": [
      "https://zooart.com.pl/hpeciai/c7924eb8aa139e8706f615b14e4c438d/pol_pl_BRIT-Premium-By-Nature-Sensitive-Lamb-2x15kg-22500_3.webp",
      "https://zooart.com.pl/hpeciai/f42cf27cf500780a666f0073cb016bb9/pol_pl_BRIT-Premium-By-Nature-Sensitive-Lamb-2x15kg-22500_1.webp",
      "https://zooart.com.pl/hpeciai/d9a5788573070e781ecb4e1456ffc80b/pol_pl_BRIT-Premium-By-Nature-Sensitive-Lamb-15kg-22385_2.webp"
    ],
    "sizes": [
      {
        "type": "onesize",
        "name": "uniwersalny",
        "price": 282.86,
        "priceEUR": 71.56
      }
    ],
    "productId": "22500",
    "catalogPriceEUR": 2.06,
    "unitPriceEUR": 2.39,
    "scrapedAt": "2025-07-30T17:38:28.651Z"
  },
  {
    "title": "BRIT 'Premium By' - Nature Sport (2x15kg)",
    "url": "https://zooart.com.pl/product-pol-22501-BRIT-Premium-By-Nature-Sport-2x15kg.html",
    "brand": "Brit",
    "productCode": "",
    "series": "15kg",
    "shortDescription": "Täissööt kanaga kõikidele tõugudele koertele, kellel on suur energiavajadus.",
    "longDescription": "BRIT Premium By Nature on kõrge valgusisalduse ja rohke kanaga täissööt, mis sobib kõikidele tõugudele, kellel on suur energiavajadus. Toetab lihaste taastumist, südame tööd ja aitab vähendada stressi. Ideaalselt sobib aktiivsetele ja töötavatele koertele.\n\nEelised:\n\n- Kõrge valgus- ja rasvasisaldus\n- Lihaste toitmine ja taastumine\n- Stressi vähendamine ja südame funktsiooni tugi\n\nPakendid: 3 kg, 15 kg\n\nKoostisosad:\nKana 50% (dehüdreeritud 30%, kondita 20%), kaer, kanarasv (säilitatud tokoferoolide seguga), nisu, mais, lõheõli (2%), hüdrolüüsitud kanamaks, õllepärm, kuivatatud õunad, kollageen, hüdrolüüsitud koorikloomade kestad (glükoosamiini allikas, 260 mg/kg), kõhreekstrakt (kondroitiini allikas, 180 mg/kg), ürdi- ja puuviljaekstraktid (nelk, tsitruselised, rosmariin, kurkum, 150 mg/kg), manno-oligosahhariidid (150 mg/kg), frukto-oligosahhariidid (100 mg/kg), Mojave jukka (100 mg/kg), kuivatatud kummel (90 mg/kg), rohelisekarbi ekstrakt (glükoosaminoglükaanide allikas, 60 mg/kg), kuivatatud mustikad (60 mg/kg).\n\nAnalüütiline koostis:\n- Toorvalk: 31,0%\n- Toorrasv: 22,0%\n- Niiskus: 10,0%\n- Toortuhk: 7,0%\n- Toorkiud: 1,5%\n- Kaltsium: 1,5%\n- Fosfor: 1,1%\n- Omega-3 rasvhapped: 0,25%\n- Omega-6 rasvhapped: 2,5%\n\nToidulisandid 1 kg kohta:\n- A-vitamiin (3a672a): 20 000 IU\n- D3-vitamiin (E671): 1200 IU\n- E-vitamiin (α-tokoferool, 3a700): 500 mg\n- L-karnitiin (3a910): 100 mg\n- Biotiin (3a880): 0,6 mg\n- Koliinkloriid (3a890): 600 mg\n- Tsingi aminohappekelaat (3b606): 90 mg\n- Raua aminohappekelaat, hüdraat (E1): 80 mg\n- Mangaani aminohappekelaat, hüdraat (E5): 35 mg\n- Kaaliumjodiid (3b201): 0,65 mg\n- Vase aminohappekelaat, hüdraat (E4): 15 mg\n- Orgaaniline seleen (Saccharomyces cerevisiae CNCM I-3060, 3b8.10): 0,2 mg\n\nSisaldab EL-is heakskiidetud antioksüdante: tokoferooliekstraktid taimsetest õlidest (1b306), askorbyülpalmitaat (1b304) ja rosmariiniekstrakt.\n\nMetaboliseeruv energia: 4200 kcal/kg\n\nToitumisjuhised:\nVõib anda kuivalt või leige veega niisutatult. Sobib eriti töötavatele koertele: soovitatav päevane kogus (vt tabelit) jagada mitmeks väiksemaks portsjoniks vastavalt koera aktiivsusele. Esmakordsel pakkumisel segada väiksemas koguses Brit Premium eelnevalt kasutatud toiduga ning järk-järgult suurendada Brit Premiumi osa. Tagada alati värske joogivesi.\n\nToitumistabel:\n\n| Koera kehakaal (kg) | Tavaline aktiivsus (g) | Suurenenud aktiivsus (g) |\n|---------------------|------------------------|--------------------------|\n| 5                   | 60                     | 70                       |\n| 10                  | 110                    | 130                      |\n| 15                  | 140                    | 180                      |\n| 20                  | 180                    | 210                      |\n| 25                  | 210                    | 250                      |\n| 30                  | 250                    | 280                      |\n| 40                  | 310                    | 350                      |\n| 50                  | 360                    | 420                      |\n| 60                  | 410                    | 480                      |\n| 70                  | 460                    | 530                      |\n| 80                  | 520                    | 570                      |\n| 90                  | 570                    | 620                      |\n\nParim enne: vaata pakendilt. Vältida otsest päikesevalgust, hoida toodet kuivas ja jahedas. Sulgege pakk hoolikalt pärast kasutamist.",
    "catalogPrice": 8.16,
    "unitPrice": 8.57,
    "availability": "",
    "shipping": "w czwartek",
    "loyaltyPoints": 75,
    "labels": [],
    "images": [
      "https://zooart.com.pl/hpeciai/a095b6ad17e6bc85034544bf3b3c2e1b/pol_pl_BRIT-Premium-By-Nature-Sport-2x15kg-22501_3.webp",
      "https://zooart.com.pl/hpeciai/c7d46228359e0f3a8f6f514d0956245a/pol_pl_BRIT-Premium-By-Nature-Sport-2x15kg-22501_1.webp",
      "https://zooart.com.pl/hpeciai/635a2e9acf9333e4ca40c585c9053b03/pol_pl_BRIT-Premium-By-Nature-Sport-15kg-22387_2.webp"
    ],
    "sizes": [
      {
        "type": "onesize",
        "name": "uniwersalny",
        "price": 257.08,
        "priceEUR": 65.04
      }
    ],
    "productId": "22501",
    "catalogPriceEUR": 2.06,
    "unitPriceEUR": 2.17,
    "scrapedAt": "2025-07-30T17:38:56.662Z"
  },
  {
    "title": "Brit 'Fresh Chicken & Potato Adult' - Great Life (12kg)",
    "url": "https://zooart.com.pl/product-pol-23855-Brit-Fresh-Chicken-Potato-Adult-Great-Life-12kg.html",
    "brand": "Brit",
    "productCode": "110-170989",
    "series": "12kg",
    "shortDescription": "Võib anda kuivalt või leige veega niisutatult.",
    "longDescription": "Brit Fresh kana ja köögiviljadega on täisväärtuslik koeratoit, mis ühendab värske kana, toitvad köögiviljad ja hoolikalt valitud lisandid, et toetada sinu koera tervist ja elujõudu igas vanuses. Toit on valmistatud kõrge lihasisaldusega ning sobib andmiseks nii kuivalt kui ka niisutatult.\n\nKoostisosad:\nVärske kana (40%), kuivatatud kana (20%), kartul (10%), kanarasv (säilitatud tokoferoolide seguga), kaer, tatar (4%), õunad (3%), terve peet, lõheõli, õllepärm, linaseemned, kanamaks, kollageen, vetikad, mustsõstar, petersell, rosmariin, tüümian (0,05%), saialill, võilill, probiootikumid (Enterococcus faecium 1x10⁹ CFU), glükoosamiin 1 700 mg/kg, kondroitiinsulfaat 1 300 mg/kg, fruktooligosahhariidid 220 mg/kg, β-glükaanid 200 mg/kg, manno-oligosahhariidid 180 mg/kg, jucca 150 mg/kg, rohekõrvaline rannakarp 100 mg/kg.\n\nAnalüütiline koostis:\nToorvalk 28,0%, toorrasv 16,0%, toorkiud 2,5%, toortuhk 7,5%, niiskus 10,0%, omega-3 0,9%, omega-6 2,0%, EPA (20:5 n3) 0,3%, DHA (22:6 n3) 0,5%, kaltsium 1,5%, fosfor 1,1%.\n\nToidulisandid 1 kg kohta:\nVitamiin A (3a672a) 20 000 IU, vitamiin D3 (E671) 1 600 IU, vitamiin E (3a700) 500 mg, vitamiin C (3a312) 450 mg, L-karnitiin (3a910) 500 mg, koliinikloriid (3a890) 650 mg, biotiin (3a880) 0,8 mg, vitamiin B1 (3a821) 6 mg, vitamiin B2 8 mg, niatsiinamiid (3a315) 40 mg, D-kaltsiumpantotenaat (3a841) 20 mg, vitamiin B6 (3a831) 7 mg, foolhape (3a316) 0,9 mg, vitamiin B12 0,05 mg, tsingi aminohappekelaat (3b606) 110 mg, raua aminohappekelaat, hüdraat (E1) 90 mg, mangaani aminohappekelaat, hüdraat (E5) 45 mg, kaaliumjodiid (3b201) 0,8 mg, vase aminohappekelaat, hüdraat (E4) 18 mg, orgaaniline seleen (Saccharomyces cerevisiae CNCM I-3060, seleenirikas inaktiveeritud pärm) (3b8.10) 0,2 mg, L-metioniin (3c305) 160 mg.\nSisaldab looduslikke antioksüdante: tokoferooliekstraktid taimeõlidest (1b306), askorbyülpalmitaat (1b304) ja rosmariin.\n\nMetaboliseeruv energia: 3 810 kcal/kg\n\nToitumisjuhised:\nVõib anda kuivalt või leige veega niisutatult. Soovitatav päevane kogus on toodud toitmistabelis ning tuleks jagada 2–3 võrdsesse portsjonisse päeva jooksul. Esmakordsel Brit Fresh toidu andmisel kasuta väiksemaid koguseid ning sega neid eelneva toiduga, suurendades järk-järgult Brit Freshi osakaalu. Hoia alati koerale värske joogivesi kättesaadav. Säilitada kuivas ja jahedas kohas, vältida otsest päikesevalgust. Sulge pakk pärast avamist hoolikalt.",
    "catalogPrice": 99.99,
    "unitPrice": 11.58,
    "availability": "",
    "shipping": "w czwartek",
    "loyaltyPoints": 34.75,
    "labels": [],
    "images": [],
    "sizes": [
      {
        "type": "onesize",
        "name": "uniwersalny",
        "price": 139,
        "priceEUR": 35.17
      }
    ],
    "productId": "23855",
    "catalogPriceEUR": 25.3,
    "unitPriceEUR": 2.93,
    "scrapedAt": "2025-07-30T17:39:25.058Z"
  },
  {
    "title": "Brit 'Fresh Beef & Pumpkin Puppy Large Growth' - & Joints (12kg)",
    "url": "https://zooart.com.pl/product-pol-23857-Brit-Fresh-Beef-Pumpkin-Puppy-Large-Growth-Joints-12kg.html",
    "brand": "Brit",
    "productCode": "110-170991",
    "series": "12kg",
    "shortDescription": "Võib anda kuivalt või leige veega niisutatult.",
    "longDescription": "Brit Fresh veiselihaga on tasakaalustatud ja maitsev täissööt, mis toetab sinu koera tervist ja elujõudu. Värske ja kuivatatud veiseliha, köögiviljad ning hoolikalt valitud lisandid tagavad toitaineterikka toidu, mida koer naudib iga päev.\n\nKoostisosad:\nVärske veiseliha (40%), kuivatatud veiseliha (25%), kõrvits (10%), kanarasv (säilitatud tokoferoolide segudega), kaer, tatar (5%), õunad, terve peet, lõheõli, õllepärm, linaseemned, kanamaks, kollageen, vetikad, lehtpeet (0,2%), petersell, rosmariin (0,05%), tüümian, saialill, võilill, probiootikumid (Enterococcus faecium 1x10⁹ CFU), glükoosamiin 1 700 mg/kg, kondroitiinsulfaat 1 300 mg/kg, fruktooligosahhariidid 220 mg/kg, β-glükaanid 200 mg/kg, mannanoligosahhariidid 180 mg/kg, jukka 150 mg/kg, rohelise huulega rannakarp 100 mg/kg.\n\nAnalüütiline koostis:\nToorvalk 27,0%, toorrasv 15,0%, toorkiud 2,8%, toortuhk 7,2%, niiskus 10,0%, oomega-3 0,9%, oomega-6 1,6%, EPA (20:5 n3) 0,3%, DHA (22:6 n3) 0,5%, kaltsium 1,5%, fosfor 1,1%.\n\nToidulisandid 1 kg kohta:\nA-vitamiin (3a672a) 22 000 IU, D3-vitamiin (E671) 1 800 IU, E-vitamiin (3a700) 600 mg, C-vitamiin (3a312) 500 mg, L-karnitiin (3a910) 550 mg, koliinkloriid (3a890) 750 mg, biotiin (3a880) 0,9 mg, B1-vitamiin (3a821) 7 mg, B2-vitamiin 9 mg, niatsiinamiid (3a315) 42 mg, kaltsium-D-pantotenaat (3a841) 22 mg, B6-vitamiin (3a831) 8 mg, foolhape (3a316) 1 mg, B12-vitamiin 0,06 mg, tsingi aminohappekelaat (3b606) 120 mg, raua aminohappekelaat, hüdraat (E1) 95 mg, mangaani aminohappekelaat, hüdraat (E5) 50 mg, kaaliumjodiid (3b201) 0,9 mg, vase aminohappekelaat, hüdraat (E4) 20 mg, orgaaniline seleen (Saccharomyces cerevisiae CNCM I-3060 rikastatud pärm) (3b8.10) 0,2 mg, L-metioniin (3c305) 180 mg.\nSisaldab looduslikke antioksüdante: tokoferooliekstraktid taimsetest õlidest (1b306), askorbyülpalmitaat (1b304) ja rosmariin.\n\nMetaboliseeruv energia: 3750 kcal/kg\n\nToitumisjuhised:\nVõib anda kuivalt või leige veega niisutatult. Soovituslik päevane kogus on toodud toitmistabelis ja tuleks jagada 2-3 võrdseks portsjoniks päevas. Kui annad Brit Fresh’i esimest korda, kasuta algul väiksemaid koguseid ja sega varasema toiduga, suurendades järk-järgult Brit Fresh’i osakaalu. Koeral peab alati olema värske joogivesi kättesaadav. Hoida kuivas ja jahedas kohas, kaitsta otsese päikesevalguse eest. Sulge pakk pärast avamist hoolikalt.",
    "catalogPrice": 99.99,
    "unitPrice": 12.63,
    "availability": "",
    "shipping": "w czwartek",
    "loyaltyPoints": 37.9,
    "labels": [],
    "images": [],
    "sizes": [
      {
        "type": "onesize",
        "name": "uniwersalny",
        "price": 151.61,
        "priceEUR": 38.36
      }
    ],
    "productId": "23857",
    "catalogPriceEUR": 25.3,
    "unitPriceEUR": 3.2,
    "scrapedAt": "2025-07-30T17:39:50.511Z"
  },
  {
    "title": "Brit 'Fresh Turkey & Pea Adult Fit' - & Slim (12kg)",
    "url": "https://zooart.com.pl/product-pol-23860-Brit-Fresh-Turkey-Pea-Adult-Fit-Slim-12kg.html",
    "brand": "Brit",
    "productCode": "110-170995",
    "series": "12kg",
    "shortDescription": "Võib anda nii kuivalt kui ka leige veega niisutatult.",
    "longDescription": "Brit Fresh täissööt sisaldab rohkelt värsket kalkuniliha ning hoolikalt valitud köögivilju, tagades sinu koerale tervisliku ja maitsva eine iga päev. Toit sobib pakkumiseks nii kuivalt kui ka leige veega niisutatult ning toetab sinu lemmiku üldist heaolu ja elujõudu.\n\nKoostisosad:\nVärske kalkuniliha (40%), hernes (10%), kuivatatud kalkuniliha (10%), riis (8%), kanarasv (säilitatud tokoferoolidega), õunad, kaer, tatar, psüllium, terve peet, lõheõli, õllepärm, linaseemned, kanamaksa, kollageen, vetikad, aroonia (0,2%), petersell, rosmariin, tüümian, saialill, võilill (0,05%), probiootikumid (Enterococcus faecium 1x10⁹ CFU), glükoosamiin 1 700 mg/kg, kondroitiinsulfaat 1 300 mg/kg, fruktooligosahhariidid 220 mg/kg, β-glükaanid 200 mg/kg, manno-oligosahhariidid 180 mg/kg, Yucca 150 mg/kg, rohelise huulega rannakarp 100 mg/kg.\n\nAnalüütiline koostis:\nToorvalk 27,0%, toorrasv 12,0%, toorkiud 5,0%, toortuhk 7,5%, niiskus 10,0%, omega-3 0,7%, omega-6 0,85%, EPA (20:5 n3) 0,2%, DHA (22:6 n3) 0,4%, kaltsium 1,6%, fosfor 1,1%.\n\nToidulisandid 1 kg kohta:\nA-vitamiin (3a672a) 22 000 IU, D3-vitamiin (E671) 1 800 IU, E-vitamiin (3a700) 600 mg, C-vitamiin (3a312) 500 mg, L-karnitiin (3a910) 550 mg, koliinkloriid (3a890) 750 mg, biotiin (3a880) 0,9 mg, B1-vitamiin (3a821) 7 mg, B2-vitamiin 9 mg, niatsiinamiid (3a315) 42 mg, D-kaltsiumpantotenaat (3a841) 22 mg, B6-vitamiin (3a831) 8 mg, foolhape (3a316) 1 mg, B12-vitamiin 0,06 mg, tsingi aminohappekelaat, hüdraat (3b606) 120 mg, raua-aminohappekelaat, hüdraat (E1) 95 mg, mangaani aminohappekelaat, hüdraat (E5) 50 mg, kaaliumjodiid (3b201) 0,9 mg, vase aminohappekelaat, hüdraat (E4) 20 mg, orgaaniline seleen (Saccharomyces cerevisiae CNCM I-3060; seleenirikkad inaktiveeritud pärmid) (3b8.10) 0,2 mg, L-metioniin (3c305) 180 mg.\nSisaldab looduslikke antioksüdante: taimsete õlide tokoferooliekstraktid (1b306), askorbiinpalmitaat (1b304) ja rosmariin.\n\nMetaboliseeruv energia: 3 460 kcal/kg\n\nToitumisjuhised:\nVõib anda nii kuivalt kui ka leige veega niisutatult. Soovitatav päevane kogus on toodud toitumistabelis ning tuleks jagada 2–3 võrdseks portsjoniks päeva jooksul. Kui annad Brit Fresh toitu esimest korda, kasuta alguses väiksemaid koguseid ja sega eelneva toiduga, suurendades järk-järgult Brit Freshi osa. Veendu alati, et koeral oleks piisavalt värsket vett. Hoida kuivas ja jahedas kohas, kaitsta otsese päikesevalguse eest. Pärast avamist sulgeda hoolikalt.",
    "catalogPrice": 99.99,
    "unitPrice": 11.24,
    "availability": "",
    "shipping": "w czwartek",
    "loyaltyPoints": 33.73,
    "labels": [],
    "images": [],
    "sizes": [
      {
        "type": "onesize",
        "name": "uniwersalny",
        "price": 134.93,
        "priceEUR": 34.14
      }
    ],
    "productId": "23860",
    "catalogPriceEUR": 25.3,
    "unitPriceEUR": 2.84,
    "scrapedAt": "2025-07-30T17:40:10.471Z"
  },
  {
    "title": "Brit 'Fresh Duck & Millet Adult Run' - & Work (12kg)",
    "url": "https://zooart.com.pl/product-pol-23861-Brit-Fresh-Duck-Millet-Adult-Run-Work-12kg.html",
    "brand": "Brit",
    "productCode": "110-170997",
    "series": "12kg",
    "shortDescription": "Võib anda kuivalt või leiges vees niisutatult. Sobib koertele, kellel on suur energiavajadus.",
    "longDescription": "Brit Fresh Duck on spetsiaalselt kõrge energiavajadusega koertele loodud täissööt, mis sisaldab rikkalikult värsket ja kuivatatud pardiliha ning hoolikalt valitud looduslikke koostisosi. Toit toetab aktiivsete koerte elujõudu ning tagab tasakaalustatud toitumise. \n\nKoostisosad:\nVärske part (40%), kuivatatud part (30%), kanarasv (säilitatud tokoferoolide seguga), kaer, hirss (4%), tatar, õunad, terve peet, lõheõli, kanamaks, õllepärm, linaseemned, kollageen, suvikõrvits (2%), spinat (0,4%), vetikad, mustsõstar, petersell, rosmariin, tüümian, saialill (0,3%), võilill, probiootikumid (Enterococcus faecium 1x10⁹ CFU), glükoosamiin 1 700 mg/kg, kondroitiinsulfaat 1 300 mg/kg, fruktooligosahhariidid 220 mg/kg, β-glükaanid 200 mg/kg, mannanoligosahhariidid 180 mg/kg, jucca 150 mg/kg, rohelise huulega rannakarp 100 mg/kg.\n\nAnalüütiline koostis:\nToorvalk 32,0%, toorrasv 22,0%, toorkiud 1,5%, toortuhk 7,8%, niiskus 10,0%, oomega-3 0,9%, oomega-6 2,5%, EPA (20:5 n3) 0,3%, DHA (22:6 n3) 0,5%, kaltsium 1,6%, fosfor 1,1%.\n\nToidulisandid 1 kg kohta:\nA-vitamiin (3a672a) 22 000 IU, D3-vitamiin (E671) 1 800 IU, E-vitamiin (3a700) 600 mg, C-vitamiin (3a312) 500 mg, L-karnitiin (3a910) 550 mg, koliinkloriid (3a890) 750 mg, biotiin (3a880) 0,9 mg, B1-vitamiin (3a821) 7 mg, B2-vitamiin 9 mg, niatsiinamiid (3a315) 42 mg, kaltsium-D-pantotenaat (3a841) 22 mg, B6-vitamiin (3a831) 8 mg, foolhape (3a316) 1 mg, B12-vitamiin 0,06 mg, tsingi aminohappekelaat, hüdraat (3b606) 120 mg, raua aminohappekelaat, hüdraat (E1) 95 mg, mangaani aminohappekelaat, hüdraat (E5) 50 mg, kaaliumjodiid (3b201) 0,9 mg, vase aminohappekelaat, hüdraat (E4) 20 mg, orgaaniline seleen (Saccharomyces cerevisiae CNCM I-3060, seleenirikkad inaktiveeritud pärmid) (3b8.10) 0,2 mg, L-metioniin (3c305) 180 mg.\nSisaldab looduslikke antioksüdante: tokoferooliekstraktid taimeõlidest (1b306), askorbiinpalmitaat (1b304) ja rosmariin.\n\nMetaboliseeruv energia: 4 200 kcal/kg\n\nToitumisjuhised:\nVõib anda kuivalt või leiges vees niisutatult. Sobib kõrge energiavajadusega koertele – soovitatav päevane kogus on toodud toitmistabelis ning tuleks jagada mitmeks väiksemaks portsjoniks päeva jooksul. Päevast kogust tuleb vajadusel kohandada vastavalt koera aktiivsusele ja energiavajadusele. Esmakordsel Brit Fresh toiduga toitmisel kasutage väiksemaid koguseid ja segage need eelneva toiduga, suurendades järk-järgult Brit Freshi kogust. Veenduge, et koeral oleks alati värsket joogivett. Parim enne: vt pakendilt. Hoidke kuivas ja jahedas kohas, vältige otsest päikesevalgust. Sulgege pakk pärast avamist hoolikalt.",
    "catalogPrice": 99.99,
    "unitPrice": 12.03,
    "availability": "",
    "shipping": "w czwartek",
    "loyaltyPoints": 36.08,
    "labels": [],
    "images": [],
    "sizes": [
      {
        "type": "onesize",
        "name": "uniwersalny",
        "price": 144.3,
        "priceEUR": 36.51
      }
    ],
    "productId": "23861",
    "catalogPriceEUR": 25.3,
    "unitPriceEUR": 3.04,
    "scrapedAt": "2025-07-30T17:40:50.950Z"
  },
  {
    "title": "Brit 'Fresh Fish & Pumpkin Adult Large Muscles' - & Joints (12kg)",
    "url": "https://zooart.com.pl/product-pol-23864-Brit-Fresh-Fish-Pumpkin-Adult-Large-Muscles-Joints-12kg.html",
    "brand": "Brit",
    "productCode": "110-170993",
    "series": "12kg",
    "shortDescription": "Võib serveerida kuivalt või leige veega niisutatult.",
    "longDescription": "Brit Fresh on kvaliteetne koeratoit, mis ühendab värske kala ja kanaliha looduslike köögiviljade ning kasulike lisanditega. Tasakaalustatud koostis toetab sinu koera tervist, pakkudes vajalikke toitaineid, vitamiine ja mineraale. Sobib igapäevaseks toitmiseks ning aitab hoida sinu lemmiku karva, seedimist ja immuunsust heas seisukorras.\n\nKoostisosad:\nVärske kala (40%), kuivatatud kana (20%), kõrvits (10%), kanarasv (säilitatud tokoferoolide seguga), kaer, tatar (4%), õunad, terve peet, lõheõli, õllepärm, linaseemned, kanamaks, kollageen, vetikad, lehtpeet (0,2%), petersell (0,05%), rosmariin, tüümian, saialill, võilill, probiootikumid (Enterococcus faecium 1x10⁹ CFU), glükoosamiin 1 700 mg/kg, kondroitiinsulfaat 1 300 mg/kg, fruktooligosahhariidid 220 mg/kg, β-glükaanid 200 mg/kg, manno-oligosahhariidid 180 mg/kg, jukka 150 mg/kg, rohelise karbi ekstrakt 100 mg/kg.\n\nAnalüütiline koostis:\nToorvalk 26,0%, toorrasv 14,0%, toorkiud 3,0%, toortuhk 7,0%, niiskus 10,0%, oomega-3 0,9%, oomega-6 1,8%, EPA (20:5 n3) 0,3%, DHA (22:6 n3) 0,5%, kaltsium 1,4%, fosfor 1,0%.\n\nToidulisandid 1 kg kohta:\nA-vitamiin (3a672a) 20 000 IU, D3-vitamiin (E671) 1 600 IU, E-vitamiin (3a700) 500 mg, C-vitamiin (3a312) 450 mg, L-karnitiin (3a910) 500 mg, koliinkloriid (3a890) 650 mg, biotiin (3a880) 0,8 mg, B1-vitamiin (3a821) 6 mg, B2-vitamiin 8 mg, niatsiinamiid (3a315) 40 mg, kaltsium-D-pantotenaat (3a841) 20 mg, B6-vitamiin (3a831) 7 mg, foolhape (3a316) 0,9 mg, B12-vitamiin 0,05 mg, tsingi aminohappekelaat, hüdraat (3b606) 110 mg, raua aminohappekelaat, hüdraat (E1) 90 mg, mangaani aminohappekelaat, hüdraat (E5) 45 mg, kaaliumjodiid (3b201) 0,8 mg, vase aminohappekelaat, hüdraat (E4) 18 mg, orgaaniline seleen (Saccharomyces cerevisiae CNCM I-3060 pärm, rikastatud seleeniga) (3b8.10) 0,2 mg, L-metioniin (3c305) 160 mg. Sisaldab looduslikke antioksüdante: tokoferooli ekstraktid taimsetest õlidest (1b306), askorbyülpalmitaat (1b304) ja rosmariin.\n\nMetaboliseeruv energia: 3690 kcal/kg\n\nToitumisjuhised:\nVõib anda kuivalt või leige veega niisutatult. Soovitatav päevane toidukogus on toodud toitmistabelis ning tuleks jagada 2-3 võrdseks portsjoniks päeva jooksul. Esmakordsel Brit Fresh toidu pakkumisel kasuta väiksemaid koguseid ning sega eelneva toiduga, suurendades järk-järgult Brit Freshi osa. Veendu, et koeral oleks alati värske joogivesi saadaval. Hoida kuivas ja jahedas kohas, vältida otsest päikesevalgust. Sulge pakk pärast avamist.",
    "catalogPrice": 99.99,
    "unitPrice": 12.02,
    "availability": "",
    "shipping": "w czwartek",
    "loyaltyPoints": 36.06,
    "labels": [],
    "images": [],
    "sizes": [
      {
        "type": "onesize",
        "name": "uniwersalny",
        "price": 144.24,
        "priceEUR": 36.49
      }
    ],
    "productId": "23864",
    "catalogPriceEUR": 25.3,
    "unitPriceEUR": 3.04,
    "scrapedAt": "2025-07-30T17:41:13.867Z"
  },
  {
    "title": "BRIT 'CARE Mini Grain-Free Yorkshire 7kg + Brit Care Mini Chicken' - & Tune (10x85g)",
    "url": "https://zooart.com.pl/product-pol-42804-BRIT-CARE-Mini-Grain-Free-Yorkshire-7kg-Brit-Care-Mini-Chicken-Tune-10x85g.html",
    "brand": "Brit",
    "productCode": "110-170781",
    "series": "",
    "shortDescription": "Brit Care Mini Grain Free Yorkshire – teraviljavaba ja hüpoallergeenne toit Yorkshire terjeritele.",
    "longDescription": "Brit Care Mini Grain Free Yorkshire 7 kg – hüpoallergeenne kuivtoit Yorkshire terjeritele\n\nBrit Care Mini Grain Free Yorkshire on spetsiaalselt välja töötatud vastamaks Yorkshire terjerite erivajadustele. Tasakaalustatud ja teraviljavaba retsept tagab tundlikele koertele kõik olulised toitained, vähendades samal ajal allergiariski. Kergesti seeditav ja väärtuslik kalaliha on suurepärane valguallikas, toetades lihaste arengut ja keha üldist toimimist. Lõheõli lisamine varustab organismi väärtuslike oomega-rasvhapetega, mis aitavad hoida naha terve ja karva läikiva. Samuti toetavad need aju ja nägemise normaalset tööd. Miniatuursed tõud vajavad rohkem energiat kui suuremad koerad, mistõttu maitsvad krõbinad annavad piisavalt kaloreid. Brit Care Mini Grain Free Yorkshire on saadaval ka komplektina koos üllatusega sinu lemmikule.\n\nKoostisosad:\nkuivatatud lõhe (20%), värske lõhevalk (15%), kuivatatud tuunikala (15%), kollane hernes, kanarasv (säilitatud tokoferoolidega), kikerhernes, linaseemned (5%), tatar, lõheõli (3%), kuivatatud õunad, õllepärm, vetikad (0,5%, Ascophyllum nodosum), hüdrolüüsitud koorikloomade kestad (glükoosamiini allikas, 260 mg/kg), mustikad (230 mg/kg, polüfenoolide allikas 70 mg/kg ja flavonoidide allikas 30 mg/kg), kõhreekstrakt (kondroitiini allikas, 160 mg/kg), manno-oligosahhariidid (150 mg/kg), ürdid ja puuviljad (rosmariin, tsitruselised, kurkum, 150 mg/kg), frukto-oligosahhariidid (100 mg/kg), Jukka Schidigera (Yucca schidigera) (100 mg/kg), inuliin (90 mg/kg), maarjaohakas (75 mg/kg), astelpaju (75 mg/kg), kummel (30 mg/kg), nelk (30 mg/kg), salvei (25 mg/kg).\n\nAnalüütiline koostis:\ntoorrasv 19,0%, toorvalk 30,0%, niiskus 10,0%, toortuhk 8,4%, toorkiud 2,8%, kaltsium 1,4%, fosfor 1,1%, oomega-3 rasvhapped 2,3%, oomega-6 rasvhapped 2,7%.\n\nToidulisandid 1 kg kohta:\nA-vitamiin (3a672a) 20 000 IU; D3-vitamiin (E671) 1 500 IU; E-vitamiin (α-tokoferool) (3a700) 500 mg; C-vitamiin (3a312) 300 mg; koliinkloriid (3a890) 700 mg; tauriin (3a370) 200 mg; biotiin (3a880) 3 mg; B1-vitamiin (3a821) 1 mg; B2-vitamiin 4 mg; niatsiinamiid (3a315) 12 mg; D-kaltsiumpantotenaat (3a841) 10 mg; B6-vitamiin (3a831) 1 mg; foolhape (3a316) 0,5 mg; B12-vitamiin 0,04 mg; tsink (3b606) 100 mg; raud (E1) 80 mg; mangaan (E5) 40 mg; kaaliumjodiid 0,75 mg; vask (E4) 15 mg; orgaaniline seleen (Saccharomyces cerevisiae CNCM I-3060) 0,2 mg.\n\nMetaboliseeruv energia: 3 860 kcal/kg\n\nToitumisjuhised:\nMiniatuursetel tõugudel on suurem energiavajadus, lühem seedetrakt ja väiksem magu. Seetõttu tuleks päevane soovitatud toidukogus jagada 2–3 võrdseks portsjoniks ning pakkuda päeva jooksul. Serveeri kuivalt või niisutatult leige veega. Kui annad Brit Care’i esmakordselt, sega see eelnevalt kasutatud toiduga ning suurenda Brit Care’i osa järk-järgult 7 päeva jooksul. Päevane kogus võib varieeruda sõltuvalt keskkonnast, aktiivsusest ja koera vanusest. Tagada alati värske joogivee olemasolu.\n\nSoovituslik päevane kogus:\n\n| Koera kaal (kg) | Päevane kogus (g) |\n|-----------------|-------------------|\n| 1               | 30                |\n| 2               | 40                |\n| 4               | 55                |\n| 5               | 75                |",
    "catalogPrice": 4.08,
    "unitPrice": 25.07,
    "availability": "",
    "shipping": "w czwartek",
    "loyaltyPoints": 44.68,
    "labels": [],
    "images": [
      "https://zooart.com.pl/hpeciai/467779a9940a2afa06ca13e1acea6986/pol_pl_BRIT-CARE-Mini-Grain-Free-Yorkshire-7kg-Brit-Care-Mini-Chicken-Tune-10x85g-42804_1.webp",
      "https://zooart.com.pl/hpeciai/0450d3a074da3af3f95e47296892c451/pol_pl_BRIT-CARE-Mini-Grain-Free-Yorkshire-7kg-20476_1.webp",
      "https://zooart.com.pl/hpeciai/1795a4fd31fe10e0fcafaf9990635a5c/pol_pl_Brit-Care-Mini-Chicken-Tuna-fillets-in-gravy-85g-42206_1.webp"
    ],
    "sizes": [
      {
        "type": "onesize",
        "name": "uniwersalny",
        "price": 175.52,
        "priceEUR": 44.41
      }
    ],
    "productId": "42804",
    "catalogPriceEUR": 1.03,
    "unitPriceEUR": 6.34,
    "scrapedAt": "2025-07-30T17:41:37.755Z"
  },
  {
    "title": "BRIT 'CARE Mini Grain-Free Yorkshire 2kg + Brit Care Mini Chicken' - & Tune (10x85g)",
    "url": "https://zooart.com.pl/product-pol-42805-BRIT-CARE-Mini-Grain-Free-Yorkshire-2kg-Brit-Care-Mini-Chicken-Tune-10x85g.html",
    "brand": "Brit",
    "productCode": "110-170779",
    "series": "",
    "shortDescription": "Brit Care Mini Grain Free Yorkshire – hüpoallergeenne teraviljavaba toit Yorkshire terjeritele.",
    "longDescription": "Brit Care Mini Grain-Free Yorkshire 2 kg – teraviljavaba kuivtoit Yorkshire terjeritele\n\nBrit Care Mini Grain-Free Yorkshire on spetsiaalselt Yorkshire terjeritele loodud teraviljavaba kuivtoit, mis toetab nende energiavajadust ning aitab hoida karva kaunina ja seedimist kergena. Toidu põhikomponendid on kergesti seeditavad loomse valgu allikad – lõhe ja tuunikala, mis muudavad selle toidu eriti tervislikuks. Kõrge küllastumata rasvhapete sisaldus toetab naha ja karva tervist ning aitab ennetada põletikke. Kondroitiini ja glükoosamiini sisaldavad lisandid toetavad liigeste ja kõhrede tervist, eriti põlvekederite piirkonnas, mis on Yorkshire terjeritel tundlikud. Prebiootikumid soodustavad tervislikku seedimist ning Yucca Schidigera aitab vähendada väljaheidete lõhna ja kogust. Teraviljavaba koostis vähendab allergiate ja toidutalumatuse riski. Saadaval ka 400 g ja 7 kg pakendites.\n\nKoostisosad:\nKuivatatud lõhe (20%), värske lõhevalk (15%), kuivatatud tuunikala (15%), kollane hernes, kanarasv (säilitatud tokoferoolidega), kikerhernes, linaseemned (5%), tatar, lõheõli (3%), kuivatatud õunad, õllepärm, vetikad (0,5%, Ascophyllum nodosum), hüdrolüüsitud koorikloomade kestad (glükoosamiini allikas, 260 mg/kg), mustikad (230 mg/kg, polüfenoolide allikas 70 mg/kg ja flavonoidid 30 mg/kg), kõhre ekstrakt (kondroitiini allikas, 160 mg/kg), manno-oligosahhariidid (150 mg/kg), ürdid ja puuviljad (rosmariin, tsitrusviljad, kurkum, 150 mg/kg), frukto-oligosahhariidid (100 mg/kg), Yucca Schidigera (100 mg/kg), inuliin (90 mg/kg), harilik maarjaohakas (75 mg/kg), astelpaju (75 mg/kg), kummel (30 mg/kg), nelk (30 mg/kg), salvei (25 mg/kg).\n\nAnalüütiline koostis:\nToorvalk 30,0%, toorrasv 19,0%, niiskus 10,0%, toortuhk 8,4%, toorkiud 2,8%, kaltsium 1,4%, fosfor 1,1%, oomega-3 rasvhapped 2,3%, oomega-6 rasvhapped 2,7%.\n\nToidulisandid 1 kg kohta:\nA-vitamiin (3a672a) 20 000 IU; D3-vitamiin (E671) 1 500 IU; E-vitamiin (α-tokoferool) (3a700) 500 mg; C-vitamiin (3a312) 300 mg; koliinikloriid (3a890) 700 mg; tauriin (3a370) 200 mg; biotiin (3a880) 3 mg; B1-vitamiin (3a821) 1 mg; B2-vitamiin 4 mg; niatsiinamiid (3a315) 12 mg; D-kaltsiumpantotenaat (3a841) 10 mg; B6-vitamiin (3a831) 1 mg; foolhape (3a316) 0,5 mg; B12-vitamiin 0,04 mg; tsink (3b606) 100 mg; raud (E1) 80 mg; mangaan (E5) 40 mg; kaaliumjodiid 0,75 mg; vask (E4) 15 mg; orgaaniline seleen (Saccharomyces cerevisiae CNCM I-3060) 0,2 mg.\n\nMetaboliseeruv energia: 3 860 kcal/kg\n\nToitumisjuhised:\nVäikest tõugu koertel on suurem energiavajadus ning suhteliselt lühike seedekulgla ja väike magu. Soovitatav päevane toidukogus tuleks jagada 2–3 võrdsesse portsjoni ning anda kas kuivalt või leigesse vette niisutatult. Kui annad Brit Care'i esmakordselt, sega see eelnevalt kasutatud toiduga ning suurenda Brit Care'i kogust järk-järgult 7 päeva jooksul. Päevane portsjon sõltub koera keskkonnast, aktiivsusest ja vanusest. Koeral peab olema alati ligipääs värskele joogiveele.\n\nPäevane toidukogus:\n\n| Koera kaal (kg) | Päevane kogus (g) |\n|-----------------|-------------------|\n|        1        |        30         |\n|        2        |        40         |\n|        4        |        55         |\n|        5        |        75         |",
    "catalogPrice": 4.08,
    "unitPrice": 43.24,
    "availability": "",
    "shipping": "w czwartek",
    "loyaltyPoints": 22.42,
    "labels": [],
    "images": [
      "https://zooart.com.pl/hpeciai/467779a9940a2afa06ca13e1acea6986/pol_pl_BRIT-CARE-Mini-Grain-Free-Yorkshire-2kg-Brit-Care-Mini-Chicken-Tune-10x85g-42805_1.webp",
      "https://zooart.com.pl/hpeciai/0450d3a074da3af3f95e47296892c451/pol_pl_BRIT-CARE-Mini-Grain-Free-Yorkshire-2kg-20474_1.webp",
      "https://zooart.com.pl/hpeciai/1795a4fd31fe10e0fcafaf9990635a5c/pol_pl_Brit-Care-Mini-Chicken-Tuna-fillets-in-gravy-85g-42206_1.webp"
    ],
    "sizes": [
      {
        "type": "onesize",
        "name": "uniwersalny",
        "price": 86.48,
        "priceEUR": 21.88
      }
    ],
    "productId": "42805",
    "catalogPriceEUR": 1.03,
    "unitPriceEUR": 10.94,
    "scrapedAt": "2025-07-30T17:42:05.681Z"
  },
  {
    "title": "BRIT 'CARE Mini Grain-Free Yorkshire 400g + Brit Care Mini Chicken' - & Tune (10x85g)",
    "url": "https://zooart.com.pl/product-pol-42806-BRIT-CARE-Mini-Grain-Free-Yorkshire-400g-Brit-Care-Mini-Chicken-Tune-10x85g.html",
    "brand": "Brit",
    "productCode": "110-170780",
    "series": "",
    "shortDescription": "Brit Care Mini Grain Free Yorkshire – teraviljavaba ja hüpoallergeenne toit Yorkshire terjeritele.",
    "longDescription": "Brit Care Mini Grain Free Yorkshire 400 g – teraviljavaba täissööt täiskasvanud Yorkshire terjeritele\n\nVäikest tõugu koerad elavad sageli pika elu, mistõttu on oluline pakkuda neile tasakaalustatud ja tervislikku toitu, mis toetab nende heaolu aastateks. Brit Care Mini Grain Free Yorkshire 400 g on spetsiaalselt välja töötatud täiskasvanud Yorkshire terjeritele, kasutades lõhe ja tuunikala baasil retsepti. See toit sobib eriti hästi tundliku seedimisega või toidutalumatuse ja allergiatega koertele.\n\nLisatud Yucca Schidigera aitab hoida seedetrakti mikrofloorat tasakaalus ning vähendab väljaheidete kogust ja ebameeldivat lõhna. Prebiootikumid toetavad seedimist ja toitainete omastamist. Kondroprotektiivsed koostisosad aitavad hoida liigesed ja liikumisaparaadi tervena. Toit ei sisalda teravilja ega koorma seedeelundkonda. Tsink ja küllastumata rasvhapped tagavad terve naha ja Yorkshire terjeritele iseloomuliku kauni, pika kasuka. Kuivtoitu on saadaval ka suuremates pakkides: 2 kg ja 7 kg.\n\nKoostisosad:\nKuivatatud lõhe (20%), värske lõhevalk (15%), kuivatatud tuunikala (15%), kollane hernes, kanarasv (säilitatud tokoferoolidega), kikerherned, linaseemned (5%), tatar, lõheõli (3%), kuivatatud õunad, õllepärm, vetikad (0,5%, Ascophyllum nodosum), koorikloomade kestade hüdrolüsaat (glükoosamiini allikas, 260 mg/kg), mustikad (230 mg/kg, polüfenoole 70 mg/kg, flavonoide 30 mg/kg), kõhretõmmis (kondroitiini allikas, 160 mg/kg), manno-oligosahhariidid (150 mg/kg), ürdid ja puuviljad (rosmariin, tsitruselised, kurkum, 150 mg/kg), frukto-oligosahhariidid (100 mg/kg), Yucca Schidigera (100 mg/kg), inuliin (90 mg/kg), harilik maarjaohakas (75 mg/kg), astelpaju (75 mg/kg), kummel (30 mg/kg), nelk (30 mg/kg), salvei (25 mg/kg).\n\nAnalüütiline koostis:\nToorvalk 30,0%, toorrasv 19,0%, niiskus 10,0%, toortuhk 8,4%, toorkiud 2,8%, kaltsium 1,4%, fosfor 1,1%, oomega-3 rasvhapped 2,3%, oomega-6 rasvhapped 2,7%.\n\nToidulisandid 1 kg kohta:\nA-vitamiin (3a672a) 20 000 IU\nD3-vitamiin (E671) 1 500 IU\nE-vitamiin (α-tokoferool) (3a700) 500 mg\nC-vitamiin (3a312) 300 mg\nKoliinkloriid (3a890) 700 mg\nTauriin (3a370) 200 mg\nBiotiin (3a880) 3 mg\nB1-vitamiin (3a821) 1 mg\nB2-vitamiin 4 mg\nNiatsiinamiid (3a315) 12 mg\nD-kaltsiumpantotenaat (3a841) 10 mg\nB6-vitamiin (3a831) 1 mg\nFoolhape (3a316) 0,5 mg\nB12-vitamiin 0,04 mg\nTsink (3b606) 100 mg\nRaud (E1) 80 mg\nMangaan (E5) 40 mg\nKaaliumjodiid 0,75 mg\nVask (E4) 15 mg\nOrgaaniline seleen (Saccharomyces cerevisiae CNCM I-3060) 0,2 mg\n\nMetaboliseeruv energia: 3 860 kcal/kg\n\nToitumisjuhend:\nVäikest tõugu koertel on suurem energiavajadus ning lühem seedetrakt ja väiksem magu. Soovitatav päevane toidukogus tuleks jagada 2–3 võrdseks portsjoniks ja anda päeva jooksul. Serveeri kuivalt või leiges vees niisutatult. Kui annad Brit Care’i esimest korda, sega see eelnevalt kasutatud toiduga ja suurenda Brit Care’i osa 7 päeva jooksul järk-järgult. Päevane portsjon võib varieeruda sõltuvalt keskkonnast, aktiivsusest ja koera vanusest. Koeral peab alati olema ligipääs värskele joogiveele.\n\nPäevane toitmisjuhis:\n\n| Koera kaal (kg) | Päevane kogus (g) |\n|----------------|-------------------|\n| 1              | 30                |\n| 2              | 40                |\n| 4              | 55                |\n| 5              | 75                |",
    "catalogPrice": 4.08,
    "unitPrice": 14.811,
    "availability": "",
    "shipping": "w czwartek",
    "loyaltyPoints": 15.61,
    "labels": [],
    "images": [
      "https://zooart.com.pl/hpeciai/467779a9940a2afa06ca13e1acea6986/pol_pl_BRIT-CARE-Mini-Grain-Free-Yorkshire-400g-Brit-Care-Mini-Chicken-Tune-10x85g-42806_1.webp",
      "https://zooart.com.pl/hpeciai/0450d3a074da3af3f95e47296892c451/pol_pl_BRIT-CARE-Mini-Grain-Free-Yorkshire-400g-20473_1.webp",
      "https://zooart.com.pl/hpeciai/1795a4fd31fe10e0fcafaf9990635a5c/pol_pl_Brit-Care-Mini-Chicken-Tuna-fillets-in-gravy-85g-42206_1.webp"
    ],
    "sizes": [
      {
        "type": "onesize",
        "name": "uniwersalny",
        "price": 59.25,
        "priceEUR": 14.99
      }
    ],
    "productId": "42806",
    "catalogPriceEUR": 1.03,
    "unitPriceEUR": 3.75,
    "scrapedAt": "2025-07-30T17:42:39.068Z"
  },
  {
    "title": "BRIT 'Premium By Nature Adult M 15kg +' - PetRepublic JUNIOR (12x100g)",
    "url": "https://zooart.com.pl/product-pol-57788-BRIT-Premium-By-Nature-Adult-M-15kg-PetRepublic-JUNIOR-12x100g.html",
    "brand": "Brit",
    "productCode": "110-170818",
    "series": "15kg",
    "shortDescription": "Täissööt kanaga keskmist tõugu täiskasvanud koertele (10–25 kg).",
    "longDescription": "BRIT Premium By Nature Adult M on maitsev ja toitainerikas kuivtoit, mis on loodud spetsiaalselt keskmist tõugu täiskasvanud koertele (10–25 kg). Kõrge kanaliha sisaldusega retsept toetab sinu koera naha ja karvkatte tervist, seedimist ning tugevdab immuunsust ja üldist heaolu. \n\nEelised:\n\n• Tervislik nahk ja läikiv karvkate\n• Suurepärane seeduvus\n• Immuunsuse ja konditsiooni tugevdamine\n\nTäissööt kanaga keskmist tõugu täiskasvanud koertele (10–25 kg).\n\nPakendid: 1 kg, 3 kg, 8 kg, 15 kg\n\nKoostisosad:\nKana 45% (kuivatatud 25%, konditustatud 20%), kaer, nisu, kanarasv (säilitatud tokoferoolidega), mais, kuivatatud õunad, lõheõli (2%), hüdrolüüsitud kanamaks, õllepärm, kollageen, hüdrolüüsitud karpide kestad (glükoosamiini allikas, 210 mg/kg), kõhreekstrakt (kondroitiini allikas, 150 mg/kg), ürdi- ja puuviljaekstrakt (nelk, tsitruselised, rosmariin, kurkum, 120 mg/kg), manno-oligosahhariidid (120 mg/kg), frukto-oligosahhariidid (90 mg/kg), Mojave jukka (90 mg/kg),\nkuivatatud kummel (80 mg/kg), rohekõrvalise rannakarbi pulber (glükoosaminoglükaanide allikas, 50 mg/kg), kuivatatud mustikad (50 mg/kg)\n\nToitumisjuhised:\nVõib pakkuda kuivalt või niisutatult leige veega. Päevane toidukogus jagada 1–2 portsjoniks. Soovitatavad päevased kogused leiad allolevast tabelist. Kui annad Brit Premium toitu esimest korda, alusta väiksemast kogusest ja sega see eelnevalt kasutatud toiduga. Suurenda Brit Premium osakaalu järk-järgult. Koeral peab alati olema värske joogivesi saadaval.\n\nToitumistabel:\n\nKoera kehakaal (kg) | Päevane kogus (g)\n---------------------|-------------------\n10                   | 120\n15                   | 160\n20                   | 190\n25                   | 230\n\nAnalüütiline koostis:\nToorvalk 26,0%, toorrasv 15,0%, niiskus 10,0%, toortuhk 7,0%, toorkiud 2,2%, kaltsium 1,5%, fosfor 1,1%, oomega-3 rasvhapped 0,2%, oomega-6 rasvhapped 1,7%.\n\nToidulisandid 1 kg kohta:\nA-vitamiin (3a672a) 15 000 IU, D3-vitamiin (E671) 1000 IU, E-vitamiin (α-tokoferool) (3a700) 400 mg, biotiin (3a880) 0,5 mg, koliinkloriid (3a890) 500 mg, tsingi aminohappe kelaat (3b606) 70 mg, raua aminohappe kelaat, hüdraat (E1) 60 mg, mangaani aminohappe kelaat, hüdraat (E5) 30 mg, kaaliumjodiid (3b201) 0,5 mg, vase aminohappe kelaat, hüdraat (E4) 12 mg, orgaaniline seleen (Saccharomyces cerevisiae CNCM I-3060) (3b8.10) 0,2 mg.\n\nSisaldab EL-is heakskiidetud antioksüdante: taimeõlide tokoferooliekstraktid (1b306), askorbyülpalmitaat (1b304) ja rosmariiniekstrakt.\n\nMetaboliseeruv energia: 3790 kcal/kg\n\nParim enne: kuupäev märgitud pakendil. Vältida otsest päikesevalgust, hoida toodet kuivas ja jahedas kohas. Sulgege pakk hoolikalt pärast kasutamist.",
    "catalogPrice": 21.42,
    "unitPrice": 8.62,
    "availability": "",
    "shipping": "w czwartek",
    "loyaltyPoints": 40.41,
    "labels": [],
    "images": [
      "https://zooart.com.pl/hpeciai/f90cf00e85510ac93cb95f843c8b4c90/pol_pl_BRIT-Premium-By-Nature-Adult-M-15kg-PetRepublic-JUNIOR-12x100g-57788_1.webp",
      "https://zooart.com.pl/hpeciai/410cef02c8b77c1f1004ef396d4a007e/pol_pl_BRIT-Premium-By-Nature-Adult-M-15kg-22364_2.webp",
      "https://zooart.com.pl/hpeciai/4fa537bdf99bcb298e956c6def4b84ff/pol_pl_PetRepublic-JUNIOR-drobno-siekane-kawalki-w-delikatnym-sosie-cielecina-100g-dla-psa-57503_1.webp"
    ],
    "sizes": [
      {
        "type": "onesize",
        "name": "uniwersalny",
        "price": 129.26,
        "priceEUR": 32.7
      }
    ],
    "productId": "57788",
    "catalogPriceEUR": 5.42,
    "unitPriceEUR": 2.18,
    "scrapedAt": "2025-07-30T17:43:03.595Z"
  },
  {
    "title": "BRIT 'CARE Grain-free' - Adult Salmon (3kg)",
    "url": "https://zooart.com.pl/product-pol-65649-BRIT-CARE-Grain-free-Adult-Salmon-3kg.html",
    "brand": "Brit",
    "productCode": "100-172197",
    "series": "3kg",
    "shortDescription": "Teraviljavaba täissööt lõhega täiskasvanud väikest ja keskmist tõugu koertele.",
    "longDescription": "Brit Care Grain-free Adult Salmon on teraviljavaba täissööt lõhe ja kartulitega, loodud spetsiaalselt täiskasvanud väikest ja keskmist tõugu koertele (1–25 kg). Toit sisaldab kõrge toiteväärtusega loomseid valke, mis toetavad lihaste arengut ja taastumist, ning rikkalikult oomega-3 rasvhappeid, mis parandavad naha ja karvkatte seisundit ning toetavad ajutööd. Ideaalne valik tundliku seedimisega koertele või neile, kes vajavad erilist hoolt karvkatte eest. Probiotikumid toetavad seedimist ja tugevdavad immuunsust, kondroprotektorid hoolitsevad liigeste, luude ja kõhrede tervise eest.\n\nPeamised eelised:\n- OPTIMAALNE LIHASMASS: Oomega-3-rasvhapped aitavad tugevdada lihaseid ja toetavad nende taastumist.\n- TERVISLIK NAHK: Astelpaju aitab hoida naha tervena ning toetab neerude ja kuseteede tööd.\n- IMMUUNSÜSTEEMI TOETUS: Probiotikumid ja antioksüdandid tugevdavad seedimist ja immuunsust.\n- OLULISTE FÜSIOLOOGILISTE PROTSESSIDE TOETAMINE: Tauriin toetab nägemist, südame tööd ja rasvlahustuvate vitamiinide omastamist ning kaitseb rakke vabade radikaalide eest.\n\nFunktsionaalsed toitained:\n- Lõheõli – oomega-3-rasvhapete allikas\n- Kondroprotektorid – glükoosamiin ja kondroitiin\n- Maitsetaimed ja marjad\n- Tauriin\n- Orgaanilised lisandid\n\nSAADAVAL PAKENDID: 1 kg, 3 kg, 12 kg\n\nKOOSTISOSAD:\nlõhe (50%) (dehüdreeritud lõhe, hüdrolüüsitud lõhe),\nkartul (26%),\nkuivatatud õunapulp,\nkanarasv,\nlõheõli (3%),\nlooduslik aroom,\nhernajahu,\nglükoosamiin (260 mg/kg),\nfruktooligosahhariidid (200 mg/kg),\nkondroitiinsulfaat (200 mg/kg),\nmannanooligosahhariidid (150 mg/kg),\nJukka Mojave (150 mg/kg),\nmaarjaohaka seemned (90 mg/kg),\nβ-glükaanid (50 mg/kg),\nkuivatatud naistenõges (50 mg/kg),\nkuivatatud astelpaju (50 mg/kg),\nprobiotikumid Lactobacillus helveticus HA – 122 inaktiveeritud (15x10⁹ rakku/kg)\n\nTOITAINELINE KOOSTIS:\ntoormvalk 26%\nrasvasisaldus 15%\nniiskus 10%\ntuhk 6,2%\ntoorkiud 3,5%\nkaltsium 1,1%\nfüsfor 0,8%\nnaatrium 0,4%\n\nTOIDULISANDID 1 KG KOHTA:\nA-vitamiin (3a672a) 20000 IU\nD3-vitamiin (3a671) 1500 IU\nE-vitamiin (3a700) 500 mg\nC-vitamiin (3a312) 300 mg\ntauriin (3a370) 1500 mg\nkoliinkloriid (3a890) 1800 mg\nL-karnitiin (3a910) 250 mg\nB1-vitamiin (3a821) 2,5 mg\nB2-vitamiin (3a825i) 9,6 mg\nbiotiin (3a880) 3,5 mg\nfoolhape (3a316) 1,2 mg\nB6-vitamiin (3a831) 2,5 mg\nkaltsium-D-pantotenaat (3a841) 25 mg\nniatsiinamiid (3a315) 32,5 mg\nB12-vitamiin 0,1 mg\njood (3b201) 0,8 mg\norgaaniline tsink (3b606) 85 mg\norgaaniline mangaan (3b504) 40 mg\norgaaniline vask (3b406) 18 mg\norgaaniline raud (3b106) 75 mg\norgaaniline seleen (3b810) 0,16 mg\n\nSisaldab looduslikke antioksüdante: tokoferooliekstraktid taimeõlidest (1b306(i)), askorbyülpalmitaat (1b304) ja rosmariiniekstrakt.\n\nMETABOOLNE ENERGIA: 3740 kcal/kg\n\nTOITMISJUHISED:\nSoovitatav päevane kogus on toodud toitmistabelis, jagada 1–2 portsjoniks ning pakkuda päeva jooksul. Toitu võib anda kuivalt või leiges vees niisutatult. Kui annad Brit Care’i esmakordselt, sega see järk-järgult olemasoleva toiduga ja suurenda Brit Care’i osa 7 päeva jooksul. Päevane kogus võib varieeruda sõltuvalt koera keskkonnast, aktiivsusest ja vanusest. Tagada alati värske joogivesi. Hoida kuivas ja jahedas, päikese eest kaitstult, pärast avamist sulgeda hoolikalt.",
    "catalogPrice": null,
    "unitPrice": 16.07,
    "availability": "",
    "shipping": "w czwartek",
    "loyaltyPoints": 12.05,
    "labels": [],
    "images": [
      "https://zooart.com.pl/hpeciai/a92cd9ca06f45b0acd0eaaf85d219996/pol_pl_BRIT-CARE-Grain-free-Adult-Salmon-3kg-65649_3.webp",
      "https://zooart.com.pl/hpeciai/17052badcfcca3b1dd44bac527517f59/pol_pl_BRIT-CARE-Grain-free-Adult-Salmon-3kg-65649_1.webp",
      "https://zooart.com.pl/hpeciai/3e8f8088eca2a78ae618dfa3f8b66acb/pol_pl_BRIT-CARE-Grain-free-Adult-Salmon-3kg-65649_2.webp"
    ],
    "sizes": [
      {
        "type": "onesize",
        "name": "uniwersalny",
        "price": 48.21,
        "priceEUR": 12.2
      }
    ],
    "productId": "65649",
    "catalogPriceEUR": null,
    "unitPriceEUR": 4.07,
    "scrapedAt": "2025-07-30T17:43:31.404Z"
  },
  {
    "title": "BRIT 'CARE Dog Sustainable Adult Small Breed Chicken' - & Insect (3kg)",
    "url": "https://zooart.com.pl/product-pol-65655-BRIT-CARE-Dog-Sustainable-Adult-Small-Breed-Chicken-Insect-3kg.html",
    "brand": "Brit",
    "productCode": "100-172173",
    "series": "3kg",
    "shortDescription": "Täisväärtuslik toit väikest tõugu täiskasvanud koertele (1–10 kg), mille retsept on koostatud jätkusuutlikest koostisosadest ning on rikas putukate ja kanaliha poolest.",
    "longDescription": "Jätkusuutlikest koostisosadest valmistatud retsept, mis on rikas putukate ja kanaliha poolest ning mõeldud väikest tõugu täiskasvanud koertele (1–10 kg).\n\nSee täisväärtuslik koeratoit põhineb kanaliha ja putukate kombinatsioonil ning on loodud väikest tõugu täiskasvanud koerte (kaaluga 1–10 kg) vajadusi silmas pidades. Keskkonnasõbralik retsept aitab toetada tervislikku seedimist ning vähendada stressi tänu koostisosadele, mis parandavad koera heaolu. Kergesti omastatavad valgud koos kõigi asendamatute aminohapetega soodustavad optimaalset füüsilist arengut ja tugevdavad väikest tõugu täiskasvanud koera immuunsüsteemi. Kergesti seeditav kana toetab tugeva lihasmassi arengut, samas kui hüpoallergeenne putukavalk lisab toidule maitsvust. Gluteenivaba koostis soodustab normaalset seedimist ja aitab vältida liigset kaalutõusu. L-trüptofaani ja hariliku naistenõgese lisamine aitab vähendada stressi ja ärevust, tauriin toetab olulisi füsioloogilisi protsesse väikest tõugu täiskasvanud koera organismis. Keskkonnasõbralikud lahendused ja koostisosad aitavad vähendada ökoloogilist jalajälge 35% võrra võrreldes punasel lihal põhinevate toitudega.\n\nPEAMISED EELISED:\n\nSTRESSI LEEVENDAV TOIME\nToidus sisalduv L-trüptofaan rahustab ja toetab koera stressiolukordades. Hariliku naistenõgese lisamine aitab veelgi vähendada ärevust.\n\nIMMUUNSÜSTEEMI TOETAMINE\nRetsepti rikastamine probiootikumide ja antioksüdantidega toetab seedetrakti tervist ning tugevdab immuunsüsteemi.\n\nVÄIKSEM SÜSINIKUJALAJÄLG\nSpetsiaalselt välja töötatud ökoloogiline retsept aitab vähendada süsinikujalajälge. Putukate kasvatamine nõuab vähem energiat ja vett, kasutab maad efektiivsemalt ning toetab nullkulu põhimõtteid.\n\nOLULISTE FÜSIOLOOGILISTE PROTSESSIDE TOETUS\nTauriini lisamine toetab nägemist, südame tööd ja rasvlahustuvate vitamiinide omastamist ning toimib tugeva immuunsüsteemi stimulaatorina, kaitstes rakke vabade radikaalide kahjuliku mõju eest.\n\nFUNKTISONAALSED TOITAINED:\n- Trüptofaan – rahustab ja toetab stressiolukordades\n- Probiootikumid ja prebiootikumid – mannanoligosahhariidid, fruktooligosahhariidid, β-glükaanid, Lactobacillus helveticus\n- Lõheõli – oomega-3 rasvhapete allikas\n- Kondroprotektorid – glükoosamiin ja kondroitiin\n- Pärm – looduslik inositooli, aminohapete ja peptiidide allikas\n- Maitsetaimed ja puuviljad\n- Tauriini lisand\n- Orgaanilised lisandid\n\nSAADAVAL PAKENDID: 1 kg, 3 kg, 7 kg\n\nKOOSTISOSAD:\nkana (38%) (kuivatatud kana, hüdrolüüsitud kana), kaer (26%), kuivatatud putukad (14%), kanarasv, kuivatatud õunapulp, looduslik aroom, õllepärm, lõheõli (2%), hernejahu, glükoosamiin (260 mg/kg), fruktooligosahhariidid (200 mg/kg), kondroitiinsulfaat (200 mg/kg), mannanoligosahhariidid (150 mg/kg), Mojave jukka (150 mg/kg), hariliku maarjaohaka seemned (90 mg/kg), β-glükaanid (50 mg/kg), kuivatatud naistenõges (50 mg/kg), kuivatatud astelpaju (50 mg/kg), probiootikumid Lactobacillus helveticus HA–122 inaktiveeritud (15x10⁹ rakku/kg)\n\nANALÜÜTILISED KOOSTISOSAD:\ntoorravvalk 28%\ntoorrasv 17%\nniiskus 10%\ntuhk 6,5%\ntoorkiud 3,0%\nkaltsium 1,4%\nfüsfor 1%\nnatrium 0,3%\n\nTOIDULISANDID 1 KG KOHTA:\n- A-vitamiin (3a672a) 20 000 IU\n- D3-vitamiin (3a671) 1 500 IU\n- E-vitamiin (3a700) 500 mg\n- C-vitamiin (3a312) 300 mg\n- Tauriini (3a370) 1 500 mg\n- Koliinkloriid (3a890) 1 800 mg\n- L-karnitiin (3a910) 250 mg\n- B1-vitamiin (3a821) 2,5 mg\n- B2-vitamiin (3a825i) 9,6 mg\n- Biotiin (3a880) 3,5 mg\n- Foolhape (3a316) 1,2 mg\n- B6-vitamiin (3a831) 2,5 mg\n- Kaltsium-D-pantotenaat (3a841) 25 mg\n- Niatsiinamiid (3a315) 32,5 mg\n- B12-vitamiin 0,1 mg\n- Jood (3b201) 0,8 mg\n- Orgaaniline tsink (3b606) 85 mg\n- Orgaaniline mangaan (3b504) 40 mg\n- Orgaaniline vask (3b406) 18 mg\n- Orgaaniline raud (3b106) 75 mg\n- Orgaaniline seleen (3b810) 0,16 mg\n\nSisaldab looduslikke antioksüdante: tokoferooliekstraktid taimsetest õlidest (1b306(i)), askorbiinpalmitaat (1b304) ja rosmariiniekstraktid.\n\nMETABOOLNE ENERGIA: 3860 kcal/kg\n\nTOITMISJUHISED:\nSoovitatavad päevased kogused on esitatud toitmistabelis ning tuleks jagada 1–2 võrdseks portsjoniks päeva jooksul. Toitu võib anda kuivalt või leotatult leiges vees. Kui Brit Care toit antakse esmakordselt, segage seda eelnevalt kasutatud toiduga ning suurendage Brit Care toidu kogust järk-järgult 7 päeva jooksul. Päevane kogus võib varieeruda sõltuvalt keskkonnast, aktiivsusest ja koera vanusest. Koeral peab alati olema juurdepääs värskele joogiveele. Hoida kuivas ja jahedas, päikese eest kaitstult. Pärast avamist sulgeda pakend hoolikalt.",
    "catalogPrice": 4.08,
    "unitPrice": 17.29,
    "availability": "",
    "shipping": "w czwartek",
    "loyaltyPoints": 12.97,
    "labels": [],
    "images": [
      "https://zooart.com.pl/hpeciai/69cd128642e590c640daae3c27667f3e/pol_pl_BRIT-CARE-Dog-Sustainable-Adult-Small-Breed-Chicken-Insect-3kg-65655_3.webp",
      "https://zooart.com.pl/hpeciai/a2803c4f3930fea9670d115551d115e1/pol_pl_BRIT-CARE-Dog-Sustainable-Adult-Small-Breed-Chicken-Insect-3kg-65655_2.webp",
      "https://zooart.com.pl/hpeciai/94055389226baf5137418cf8ab4074f4/pol_pl_BRIT-CARE-Dog-Sustainable-Adult-Small-Breed-Chicken-Insect-3kg-65655_1.webp"
    ],
    "sizes": [
      {
        "type": "onesize",
        "name": "uniwersalny",
        "price": 51.88,
        "priceEUR": 13.13
      }
    ],
    "productId": "65655",
    "catalogPriceEUR": 1.03,
    "unitPriceEUR": 4.37,
    "scrapedAt": "2025-07-30T17:43:59.662Z"
  },
  {
    "title": "BRIT 'CARE Hypoallergenic' - Puppy Lamb (1kg)",
    "url": "https://zooart.com.pl/product-pol-65665-BRIT-CARE-Hypoallergenic-Puppy-Lamb-1kg.html",
    "brand": "Brit",
    "productCode": "100-172211",
    "series": "1kg",
    "shortDescription": "Täisväärtuslik hüpoallergeenne lambaliha ja riisiga koeratoit kutsikatele ja noortele koertele (4 nädalat – 12 kuud), sobib kõikidele tõugudele.",
    "longDescription": "Hüpoallergeenne lambaliha ja riisiga retsept noortele koertele ja kutsikatele kõikidest tõugudest (4 nädalat – 12 kuud). Sobib suurepäraselt ka startertoiduks.\n\nSee täisväärtuslik, hüpoallergeenne ning monoproteiinne toit põhineb ainult ühel valguallikal – lambalihal. See on loodud spetsiaalselt kutsikatele ja noortele koertele, et toetada nende tervislikku kasvu ja arengut. Hüpoallergeenne koostis aitab vähendada allergia- ja toidutalumatuse riski. Soovitatav eriti tundliku seedimisega, allergiatele kalduvatele või erivajadustega koertele. Probiootikumid toetavad soolestiku mikrofloorat ja tugevdavad immuunsust. Maarjaohaka seemned toetavad maksa tööd, ainevahetust ja organismi puhastumist. Kondroprotektorid, tasakaalustatud kaltsiumi ja fosfori suhe ning sobiv energiasisaldus aitavad kutsikal või noorel koeral hoida stabiilset ning tervislikku kasvu, hoolitsedes luude, liigeste ja kõhrede arengu eest.\n\nFunktsionaalsed toitained:\n- Kondroprotektorid: glükoosamiin ja kondroitiin\n- Maitsetaimed ja puuviljad\n- Pärm – looduslik inositooli, aminohapete ja peptiidide allikas\n- Tauriinilisand\n- Orgaanilised lisandid\n\nSaadaval pakendid: 1 kg, 3 kg, 12 kg\n\nKoostisosad:\n- Dehüdreeritud lambaliha (46%)\n- Riis (30%)\n- Kanarasv\n- Lõheõli (3%)\n- Õllepärm\n- Looduslik lõhnaaine\n- Kuivatatud õunapulp\n- Hüdrolüüsitud pärm (0,5% – inositooli ja aminohapete allikas)\n- Hernujahu\n- Glükoosamiin (300 mg/kg)\n- Fruktooligosahhariidid (230 mg/kg)\n- Kondroitiinsulfaat (230 mg/kg)\n- Mannanooligosahhariidid (180 mg/kg)\n- Mojave jukka (180 mg/kg)\n- Maarjaohaka seemned (110 mg/kg)\n- β-glükaanid (60 mg/kg)\n- Kuivatatud südamerohi (60 mg/kg)\n- Kuivatatud astelpaju (60 mg/kg)\n- Probiootikumid Lactobacillus helveticus HA – 122 inaktiveeritud (15x10⁹ rakku/kg)\n\nAnalüütilised koostisosad:\n- Toorvalk: 32%\n- Toorrasv: 18%\n- Niiskus: 10%\n- Toortuhk: 7,7%\n- Toorkiud: 1,5%\n- Kaltsium: 1,4%\n- Fosfor: 1,1%\n- Naatrium: 0,4%\n\nToidulisandid 1 kg kohta:\n- A-vitamiin (3a672a): 23 000 IU\n- D3-vitamiin (3a671): 1 700 IU\n- E-vitamiin (3a700): 550 mg\n- C-vitamiin (3a312): 350 mg\n- Tauriin (3a370): 1 500 mg\n- Koliinkloriid (3a890): 1 800 mg\n- L-karnitiin (3a910): 300 mg\n- B1-vitamiin (3a821): 3 mg\n- B2-vitamiin (3a825i): 11 mg\n- Biotiin (3a880): 4 mg\n- Foolhape (3a316): 1,4 mg\n- B6-vitamiin (3a831): 3 mg\n- D-kaltsiumpantotenaat (3a841): 30 mg\n- Niatsiinamiid (3a315): 38 mg\n- B12-vitamiin: 0,12 mg\n- Jood (3b201): 0,9 mg\n- Orgaaniline tsink (3b606): 100 mg\n- Orgaaniline mangaan (3b504): 45 mg\n- Orgaaniline vask (3b406): 20 mg\n- Orgaaniline raud (3b106): 88 mg\n- Orgaaniline seleen (3b810): 0,18 mg\n\nSisaldab looduslikke antioksüdante: tokoferooliekstraktid taimsetest õlidest (1b306(i)), askorbyülpalmitaat (1b304) ja rosmariiniekstraktid.\n\nMetaboliseeruv energia: 3980 kcal/kg\n\nToitmisjuhised:\nSoovitatud päevane kogus jagada 3–5 võrdseks portsjoniks ja pakkuda päeva jooksul. Toitu võib anda kuivalt või leige veega niisutatult. Kui annate Brit Care’i esimest korda, segage see eelnevalt kasutatud toiduga ja suurendage Brit Care’i kogust järk-järgult 7 päeva jooksul. Päevane annus võib varieeruda sõltuvalt koera keskkonnast, aktiivsusest ja vanusest. Tagage alati värske joogivee kättesaadavus. Hoida kuivas ja jahedas, otsese päikesevalguse eest kaitstult. Pärast avamist sulgeda pakend hoolikalt.",
    "catalogPrice": 4.08,
    "unitPrice": 2.171,
    "availability": "",
    "shipping": "w czwartek",
    "loyaltyPoints": 5.43,
    "labels": [],
    "images": [],
    "sizes": [
      {
        "type": "onesize",
        "name": "uniwersalny",
        "price": 21.7,
        "priceEUR": 5.49
      }
    ],
    "productId": "65665",
    "catalogPriceEUR": 1.03,
    "unitPriceEUR": 0.55,
    "scrapedAt": "2025-07-30T17:45:09.730Z"
  },
  {
    "title": "BRIT 'CARE Grain-free' - Adult Salmon (1kg)",
    "url": "https://zooart.com.pl/product-pol-65666-BRIT-CARE-Grain-free-Adult-Salmon-1kg.html",
    "brand": "Brit",
    "productCode": "100-172196",
    "series": "1kg",
    "shortDescription": "Teraviljavaba täissööt lõhega täiskasvanud väikest ja keskmist tõugu koertele.",
    "longDescription": "Brit Care Grain-free Adult Salmon on teraviljavaba täissööt lõhe ja kartulitega, mis on loodud spetsiaalselt täiskasvanud väikest ja keskmist tõugu koertele (1–25 kg). Kõrge toiteväärtusega valkudel põhinev retsept tagab optimaalse füüsilise vormi, toetab naha ja karvkatte tervist ning sobib eriti hästi koertele, kelle karv vajab erilist hoolt või kes on tundlikud erinevate toiduainete suhtes. Toit on rikastatud probiootikumide ja antioksüdantidega, mis tugevdavad seedimist ja immuunsust, ning kondroprotektoritega, mis toetavad liigeste, luude ja kõhrede tervist.\n\nPEAMISED EELISED:\n- OPTIMAALNE LIHASMASS: kõrge oomega-3-rasvhapete sisaldus aitab tugevdada lihaseid ja soodustab nende taastumist.\n- TERVISLIK NAHK: astelpaju toetab naha, neerude ja kuseteede tervist.\n- IMMUUNSÜSTEEMI TOETUS: probiootikumid ja antioksüdandid soodustavad seedetrakti tervist ning tugevdavad organismi vastupanuvõimet.\n- OLULISTE FÜSIOLOOGILISTE PROTSESSIDE TOETAMINE: tauriin toetab silmade ja südame tööd ning aitab vitamiinidel paremini imenduda. Tugev immunostimulaator, mis kaitseb rakke vabade radikaalide eest.\n\nFUNTSIONAALSED TOITAINED:\n- Lõheõli – oomega-3-rasvhapete allikas\n- Kondroprotektorid – glükoosamiin ja kondroitiin\n- Maitsetaimed ja marjad\n- Tauriin\n- Orgaanilised lisandid\n\nSAADAVAL OLEVAD PAKENDID: 1 kg, 3 kg, 12 kg\n\nKOOSTISOSAD:\nlõhe (50%) (kuivatatud lõhe, hüdrolüüsitud lõhe),\nkartul (26%),\nkuivatatud õunapulp,\nkanarasv,\nlõheõli (3%),\nlooduslik maitseaine,\nhernejahu,\nglükoosamiin (260 mg/kg),\nfruktooligosahhariidid (200 mg/kg),\nkondroitiinsulfaat (200 mg/kg),\nmannanooligosahhariidid (150 mg/kg),\nMojave jukka (150 mg/kg),\nmaarjaohaka seemned (90 mg/kg),\nβ-glükaanid (50 mg/kg),\nkuivatatud südamerohi (50 mg/kg),\nkuivatatud astelpaju (50 mg/kg),\ninaktiveeritud probiootikumid Lactobacillus helveticus HA – 122 (15x10^9 rakku/kg)\n\nANALÜÜTILISED KOOSTISOSAD:\ntoorainevalk 26%\ntoorrasv 15%\nniiskus 10%\ntoor tuhk 6,2%\ntoorkiud 3,5%\nkaltsium 1,1%\nfüsfor 0,8%\nnaatrium 0,4%\n\nTOIDULISANDID 1 kg KOHTA:\nA-vitamiin (3a672a) 20 000 IU\nD3-vitamiin (3a671) 1 500 IU\nE-vitamiin (3a700) 500 mg\nC-vitamiin (3a312) 300 mg\ntauriin (3a370) 1 500 mg\nkoliinkloriid (3a890) 1 800 mg\nL-karnitiin (3a910) 250 mg\nB1-vitamiin (3a821) 2,5 mg\nB2-vitamiin (3a825i) 9,6 mg\nbiotiin (3a880) 3,5 mg\nfoolhape (3a316) 1,2 mg\nB6-vitamiin (3a831) 2,5 mg\nkaltsium-D-pantotenaat (3a841) 25 mg\nniatsiinamiid (3a315) 32,5 mg\nB12-vitamiin 0,1 mg\njood (3b201) 0,8 mg\norgaaniline tsink (3b606) 85 mg\norgaaniline mangaan (3b504) 40 mg\norgaaniline vask (3b406) 18 mg\norgaaniline raud (3b106) 75 mg\norgaaniline seleen (3b810) 0,16 mg\n\nSisaldab looduslikke antioksüdante: tokoferooliekstraktid taimsetest õlidest (1b306(i)), askorbyülpalmitaat (1b304) ja rosmariini ekstrakt.\n\nMETABOOLNE ENERGIA: 3740 kcal/kg\n\nTOITMISJUHEND:\nSoovitatav päevane kogus on toodud toitmistabelis ning tuleks jagada 1–2 portsjoniks päevas. Toitu võib anda kuivalt või leiget vett lisades. Kui annate Brit Care’i esimest korda, segage see eelnevalt kasutatud toiduga ja suurendage Brit Care’i osakaalu järk-järgult 7 päeva jooksul. Päevane annus võib varieeruda sõltuvalt koera keskkonnast, aktiivsusest ja vanusest. Tagage koerale alati värske joogivesi. Hoida kuivas ja jahedas kohas, kaitstuna otsese päikesevalguse eest. Pärast avamist sulgeda pakend hoolikalt.",
    "catalogPrice": null,
    "unitPrice": 1.951,
    "availability": "",
    "shipping": "w czwartek",
    "loyaltyPoints": 4.87,
    "labels": [],
    "images": [
      "https://zooart.com.pl/hpeciai/213d2c48efbd724d3b145987d65cce3e/pol_pl_BRIT-CARE-Grain-free-Adult-Salmon-1kg-65666_4.webp",
      "https://zooart.com.pl/hpeciai/3e8f8088eca2a78ae618dfa3f8b66acb/pol_pl_BRIT-CARE-Grain-free-Adult-Salmon-1kg-65666_2.webp"
    ],
    "sizes": [
      {
        "type": "onesize",
        "name": "uniwersalny",
        "price": 19.46,
        "priceEUR": 4.92
      }
    ],
    "productId": "65666",
    "catalogPriceEUR": null,
    "unitPriceEUR": 0.49,
    "scrapedAt": "2025-07-30T17:46:10.838Z"
  },
  {
    "title": "BRIT 'CARE' - Sensitive Venison (1kg)",
    "url": "https://zooart.com.pl/product-pol-65667-BRIT-CARE-Sensitive-Venison-1kg.html",
    "brand": "Brit",
    "productCode": "100-172208",
    "series": "1kg",
    "shortDescription": "Täissööt tundlikele ja toidutalumatusega koertele – teraviljavaba retsept metskitse ja kartuliga.",
    "longDescription": "Teraviljavaba täissööt metskitse ja kartuliga tundlikele ning toidutalumatusega koertele. Brit Care'i metskitsel põhinev retsept on loodud kõigi tõugude täiskasvanud koertele, kellel on tundlik seedimine või kalduvus toidutalumatusele. Metskits annab kõrge toiteväärtusega valke, mis aitavad vähendada soovimatute toidureaktsioonide riski. Toidus sisalduvad küllastumata rasvhapped toetavad naha ja karvkatte tervist, parandavad aju tööd ning aitavad hoida koera head vormi. Retsept sobib eriti hästi koertele, kelle karvkate vajab erilist hoolt, kes soovivad säilitada optimaalset füüsilist seisundit või kellel esineb reaktsioone erinevatele toiduainetele. Probiotikumid toetavad soolestiku mikrofloorat ja tugevdavad immuunsüsteemi. Maarjaohaka seemned aitavad maksa tööd, ainevahetust ning organismi puhastumist toksiinidest. Toidus leiduvad väärtuslikud oomega-3 rasvhapped (ALA, EPA, DHA) niisutavad nahka ja hoiavad karvkatte läikiva ja tervena ning aitavad leevendada võimalikke nahapõletikke.\n\nPEAMISED EELISED:\n\nMINIMAALNE TOIDUTALUMATUSE RISK\nPõhikomponendiks on maitsev ja kergesti seeditav metskits. Toit ei sisalda kanarasva, mis on asendatud niisutava kookosõliga – loodusliku lauriinhappe allikaga.\n\nTERVE NAHK JA TUGEV KARVKATE\nKõrge oomega-3 rasvhapete ja kookosõli sisaldus aitab parandada naha kaitsebarjääri ja toetab karvkatte tugevust ning tervist.\n\nIMMUUNSÜSTEEMI TOETUS\nToit on rikastatud probiootikumide ja antioksüdantidega, mis toetavad seedetrakti tervist ning tugevdavad immuunsust.\n\nFÜSIOLOOGILISTE PROTSESSIDE TOETUS\nLisatud tauriin osaleb olulistes füsioloogilistes protsessides – toetab silmade tervist, südame tööd ja rasvlahustuvate vitamiinide imendumist. Lisaks on tauriin tugev immunostimulaator, mis kaitseb rakke vabade radikaalide kahjuliku mõju eest.\n\nFUNKTISONAALSED TOITAINED:\n- Kookosõli – naha ja karvkatte tugi, lauriinhappe allikas\n- Linaseemned – alfa-linoleenhappe (ALA) allikas\n- Lõhe – EPA ja DHA allikas\n- Kondroprotektorid – glükoosamiin ja kondroitiin\n- Probiootikumid ja prebiootikumid – mannanoligosahhariidid, fruktooligosahhariidid, B-glükaanid, Lactobacillus helveticus\n- Lõheõli – oomega-3 rasvhapete allikas\n- Maitsetaimed ja puuviljad\n- Lisatud tauriin\n- Orgaanilised lisandid\n\nSAADAVAL PAKENDID: 1 kg, 3 kg, 12 kg\n\nKOOSTISOSAD:\nkuivatatud metskits (36%), kartul (30%), kookosõli, kuivatatud õunamass, lõheõli (5%), linaseemned (4%), õllepärm, hernejahu, glükoosamiin (300 mg/kg), fruktooligosahhariidid (230 mg/kg), kondroitiinsulfaat (230 mg/kg), mannanoligosahhariidid (180 mg/kg), Mojave jukka (180 mg/kg), maarjaohaka seemned (110 mg/kg), β-glükaanid (60 mg/kg), kuivatatud naistenõges (60 mg/kg), kuivatatud astelpaju (60 mg/kg), probiootikumid (Lactobacillus helveticus HA–122, inaktiveeritud, 15x10^9 rakku/kg)\n\nANALÜÜTILISED KOOSTISOSAD:\ntoormvalk 25%, toorrasv 14%, niiskus 10%, toortuhk 8,5%, toorkiud 3,0%, kaltsium 1,7%, fosfor 1,2%, naatrium 0,2%\n\nTOIDULISANDID 1 KG KOHTA:\n- A-vitamiin (3a672a): 23 000 IU\n- D3-vitamiin (3a671): 1 700 IU\n- E-vitamiin (3a700): 550 mg\n- C-vitamiin (3a312): 350 mg\n- Tauriini (3a370): 1 500 mg\n- Koliinkloriid (3a890): 1 800 mg\n- L-karnitiin (3a910): 300 mg\n- B1-vitamiin (3a821): 3 mg\n- B2-vitamiin (3a825i): 11 mg\n- Biotiin (3a880): 4 mg\n- Foolhape (3a316): 1,4 mg\n- B6-vitamiin (3a831): 3 mg\n- D-kaltsiumpantotenaat (3a841): 30 mg\n- Niatsiinamiid (3a315): 38 mg\n- B12-vitamiin: 0,12 mg\n- Jood (3b201): 0,9 mg\n- Orgaaniline tsink (3b606): 100 mg\n- Orgaaniline mangaan (3b504): 45 mg\n- Orgaaniline vask (3b406): 20 mg\n- Orgaaniline raud (3b106): 88 mg\n- Orgaaniline seleen (3b810): 0,18 mg\n\nSisaldab looduslikke antioksüdante: tokoferooliekstraktid taimsetest õlidest (1b306(i)), askorbyülpalmitaat (1b304) ja rosmariini ekstraktid.\n\nMETABOLIILINE ENERGIA: 3640 kcal/kg\n\nTOITMISJUHISED:\nSoovituslikud päevased kogused on toodud toitmistabelis ning tuleks jagada 1–2 võrdseks portsjoniks päevas. Toitu võib anda kuivalt või leige veega niisutatult. Kui annate Brit Care toitu esmakordselt, segage see eelnevalt kasutatud toiduga ning suurendage Brit Care osa järk-järgult 7 päeva jooksul. Päevane annus võib varieeruda sõltuvalt koera keskkonnast, aktiivsusest ja vanusest. Tagage alati värske joogivee olemasolu. Hoida kuivas ja jahedas, päikese eest kaitstud kohas. Pärast avamist sulgeda pakend hoolikalt.",
    "catalogPrice": null,
    "unitPrice": 2.211,
    "availability": "",
    "shipping": "w czwartek",
    "loyaltyPoints": 5.54,
    "labels": [],
    "images": [
      "https://zooart.com.pl/hpeciai/cbc7394f2d269666c4a704b97e5cbcd6/pol_pl_BRIT-CARE-Sensitive-Venison-1kg-65667_3.webp",
      "https://zooart.com.pl/hpeciai/a822a36f91b6f4635703a4ac622d24ff/pol_pl_BRIT-CARE-Sensitive-Venison-1kg-65667_1.webp"
    ],
    "sizes": [
      {
        "type": "onesize",
        "name": "uniwersalny",
        "price": 22.15,
        "priceEUR": 5.6
      }
    ],
    "productId": "65667",
    "catalogPriceEUR": null,
    "unitPriceEUR": 0.56,
    "scrapedAt": "2025-07-30T17:47:35.834Z"
  },
  {
    "title": "BRIT 'CARE Hypoallergenic' - Puppy Lamb (3kg)",
    "url": "https://zooart.com.pl/product-pol-65670-BRIT-CARE-Hypoallergenic-Puppy-Lamb-3kg.html",
    "brand": "Brit",
    "productCode": "100-172212",
    "series": "3kg",
    "shortDescription": "Täissööt koertele – hüpoallergeenne lambaliha ja riisiga retsept kutsikatele ja noortele koertele kõikidest tõugudest (4 nädalat – 12 kuud).",
    "longDescription": "Hüpoallergeenne lambaliha ja riisiga täissööt kutsikatele ja noortele koertele kõikidest tõugudest (4 nädalat – 12 kuud). Sobib ka starditoiduks. Monoproteiinne ja hüpoallergeenne retsept aitab vähendada toiduallergiate ja talumatuse riski ning toetab tundliku seedimisega koeri. Rikastatud probiootikumidega, mis toetavad soolestiku mikrofloorat ja tugevdavad kasvava koera immuunsust. Maarjaohaka seemned toetavad maksa, ainevahetust ja organismi puhastumist. Kondroprotektorid, ideaalne kaltsiumi ja fosfori suhe ning tasakaalustatud kalorisisaldus aitavad hoida stabiilset ja tervislikku kasvu, toetades luude, liigeste ja kõhrede arengut.\n\nFunktsionaalsed toitained:\n- Kondroprotektorid: glükoosamiin ja kondroitiin\n- Maitsetaimed ja puuviljad\n- Pärm – looduslik inositooli, aminohapete ja peptiidide allikas\n- Tauriin\n- Orgaanilised lisandid\n\nSaadaval pakendid: 1 kg, 3 kg, 12 kg\n\nKoostisosad:\n- dehüdreeritud lambaliha (46%)\n- riis (30%)\n- kanarasv\n- lõheõli (3%)\n- õllepärm\n- looduslik aroom\n- kuivatatud õunapulp\n- hüdrolüüsitud pärm (0,5% – inositooli ja aminohapete allikas)\n- hernejahu\n- glükoosamiin (300 mg/kg)\n- fruktooligosahhariidid (230 mg/kg)\n- kondroitiinsulfaat (230 mg/kg)\n- mannanoligosahhariidid (180 mg/kg)\n- Mojave jukka (180 mg/kg)\n- maarjaohaka seemned (110 mg/kg)\n- β-glükaanid (60 mg/kg)\n- kuivatatud naistenõges (60 mg/kg)\n- kuivatatud astelpaju (60 mg/kg)\n- probiootikumid Lactobacillus helveticus HA – 122 inaktiveeritud (15x10⁹ rakku/kg)\n\nAnalüütiline koostis:\n- toorvalk 32%\n- toorrasv 18%\n- niiskus 10%\n- toortuhk 7,7%\n- toorkiud 1,5%\n- kaltsium 1,4%\n- fosfor 1,1%\n- naatrium 0,4%\n\nToidulisandid 1 kg kohta:\n- A-vitamiin (3a672a): 23 000 IU\n- D3-vitamiin (3a671): 1 700 IU\n- E-vitamiin (3a700): 550 mg\n- C-vitamiin (3a312): 350 mg\n- tauriin (3a370): 1 500 mg\n- koliinkloriid (3a890): 1 800 mg\n- L-karnitiin (3a910): 300 mg\n- B1-vitamiin (3a821): 3 mg\n- B2-vitamiin (3a825i): 11 mg\n- biotiin (3a880): 4 mg\n- foolhape (3a316): 1,4 mg\n- B6-vitamiin (3a831): 3 mg\n- kaltsium-D-pantotenaat (3a841): 30 mg\n- niatsiinamiid (3a315): 38 mg\n- B12-vitamiin: 0,12 mg\n- jood (3b201): 0,9 mg\n- orgaaniline tsink (3b606): 100 mg\n- orgaaniline mangaan (3b504): 45 mg\n- orgaaniline vask (3b406): 20 mg\n- orgaaniline raud (3b106): 88 mg\n- orgaaniline seleen (3b810): 0,18 mg\n\nSisaldab looduslikke antioksüdante: tokoferooliekstraktid taimsetest õlidest (1b306(i)), askorbiinipalmitaat (1b304) ja rosmariiniekstraktid.\n\nMetaboliseeruv energia: 3980 kcal/kg\n\nSöötmisjuhend:\nSoovitatud päevane kogus jagada 3–5 võrdseks portsjoniks ja pakkuda päeva jooksul. Võib anda kuivalt või leotatuna leiges vees. Kui annate Brit Care’i esimest korda, segage seda eelnevalt kasutatud toiduga ja suurendage Brit Care’i kogust järk-järgult 7 päeva jooksul. Päevane annus võib erineda sõltuvalt keskkonnast, aktiivsusest ja teie koera vanusest. Tagage alati värske joogivee olemasolu. Hoida kuivas ja jahedas, päikese eest kaitstud kohas. Pärast avamist sulgeda pakend hoolikalt.",
    "catalogPrice": null,
    "unitPrice": 19.99,
    "availability": "",
    "shipping": "w czwartek",
    "loyaltyPoints": 15,
    "labels": [],
    "images": [
      "https://zooart.com.pl/hpeciai/f85475e2a61439ba52de326967a76177/pol_pl_BRIT-CARE-Hypoallergenic-Puppy-Lamb-3kg-65670_3.webp",
      "https://zooart.com.pl/hpeciai/a00aaf90e4eb611deeb8c7fb18e5df5b/pol_pl_BRIT-CARE-Hypoallergenic-Puppy-Lamb-3kg-65670_2.webp",
      "https://zooart.com.pl/hpeciai/5972b8b764020fec63d118464763a949/pol_pl_BRIT-CARE-Hypoallergenic-Puppy-Lamb-3kg-65670_1.webp"
    ],
    "sizes": [
      {
        "type": "onesize",
        "name": "uniwersalny",
        "price": 59.98,
        "priceEUR": 15.17
      }
    ],
    "productId": "65670",
    "catalogPriceEUR": null,
    "unitPriceEUR": 5.06,
    "scrapedAt": "2025-07-30T17:50:09.754Z"
  },
  {
    "title": "BRIT 'CARE Dog Hypoallergenic Adult Medium' - Breed Lamb (3kg)",
    "url": "https://zooart.com.pl/product-pol-65814-BRIT-CARE-Dog-Hypoallergenic-Adult-Medium-Breed-Lamb-3kg.html",
    "brand": "Brit",
    "productCode": "100-172215",
    "series": "3kg",
    "shortDescription": "Täissööt täiskasvanud keskmist tõugu koertele (10–25 kg) – hüpoallergeenne lambaliha ja riisi retsept.",
    "longDescription": "Hüpoallergeenne lambaliha ja riisi retsept täiskasvanud keskmist kasvu koertele (10–25 kg). Toit, mis on loodud ühe valguallika – lambaliha – baasil, sobib ideaalselt normaalse energiavajadusega täiskasvanud keskmist tõugu koertele. Toidu koostisosad toetavad lihasmassi säilimist optimaalse aminohappeprofiili abil ning aitavad hoida naha tervist ja tugevat karvkatet. Hüpoallergeenne retsept aitab vähendada allergiate ja toidutalumatuse riski ning sobib eriti hästi tundliku seedimisega, allergiatele kalduvatele ning erivajadustega koertele. Probiootikumid toetavad soolestiku mikrofloorat ja tugevdavad immuunsust. Maarjaohaka lisand aitab maksa tööd, ainevahetust ja organismi puhastumist.\n\nTUGEV IMMUNSÜSTEEM\nProbiootikumide ja antioksüdantidega rikastatud retsept toetab seedetrakti tervist ja tugevdab immuunsüsteemi.\n\nTERVE NAHK JA TUGEV KARVKATE\nToetab naha kaitsefunktsiooni ning aitab kaasa terve ja tugeva karvkatte säilimisele.\n\nOPTIMAALNE LIHASMASS\nTagab lihaste ülesehituseks ja taastumiseks vajaliku aminohappeprofiili.\n\nTOETAB OLULISI FÜSIOLOOGILISI PROTSESSE\nTauriini lisand toetab nägemist, südame tööd ja rasvlahustuvate vitamiinide imendumist. Tugev immunostimulaator, mis kaitseb keharakke vabade radikaalide eest.\n\nFunktsionaalsed toitained:\n- Kondroprotektorid: glükoosamiin ja kondroitiin\n- Maitsetaimed ja marjad\n- Tauriini lisand\n- Orgaanilised lisandid\n\nSAADAVAL PAKENDID: 1 kg, 3 kg, 12 kg\n\nKOOSTISOSAD:\ndehüdreeritud lambaliha (40%), riis (35%), kuivatatud õunapulp, kanarasv, looduslik maitseaine, õllepärm, lõheõli (2%), hernejahu, glükoosamiin (260 mg/kg), fruktooligosahhariidid (200 mg/kg), kondroitiinsulfaat (200 mg/kg), mannanoligosahhariidid (150 mg/kg), Mojave jukka (150 mg/kg), maarjaohaka seemned (90 mg/kg), β-glükaanid (50 mg/kg), kuivatatud naistenõges (50 mg/kg), kuivatatud astelpaju (50 mg/kg), inaktiveeritud probiootikumid Lactobacillus helveticus HA–122 (15x10⁹ rakku/kg)\n\nTOITAINELINE KOOSTIS:\ntoorravvalk 26%\ntoorrasv 16%\nniiskus 10%\ntoor tuhk 7,2%\ntoorkiud 2,5%\nkaltsium 1,4%\nfüsfor 1,0%\nnaatrium 0,4%\n\nTOIDULISANDID 1 KG KOHTA:\nA-vitamiin (3a672a) 20 000 IU\nD3-vitamiin (3a671) 1 500 IU\nE-vitamiin (3a700) 500 mg\nC-vitamiin (3a312) 300 mg\ntauriin (3a370) 1 500 mg\nkoliinkloriid (3a890) 1 800 mg\nL-karnitiin (3a910) 250 mg\nB1-vitamiin (3a821) 2,5 mg\nB2-vitamiin (3a825i) 9,6 mg\nbiotiin (3a880) 3,5 mg\nfoolhape (3a316) 1,2 mg\nB6-vitamiin (3a831) 2,5 mg\nkaltsium-D-pantotenaat (3a841) 25 mg\nniatsiinamiid (3a315) 32,5 mg\nB12-vitamiin 0,1 mg\njood (3b201) 0,8 mg\norgaaniline tsink (3b606) 85 mg\norgaaniline mangaan (3b504) 40 mg\norgaaniline vask (3b406) 18 mg\norgaaniline raud (3b106) 75 mg\norgaaniline seleen (3b810) 0,16 mg\n\nSisaldab looduslikke antioksüdante: tokoferooliekstraktid taimsetest õlidest (1b306(i)), askorbiinpalmitaat (1b304) ja rosmariiniekstrakt.\n\nMETABOOLNE ENERGIA: 3810 kcal/kg\n\nTOITMISJUHISED:\nSoovitatavad päevased kogused vt toitmistabelist, jagada 1–2 portsjoniks ja anda päeva jooksul. Toitu võib anda kuivalt või leige veega niisutatult. Kui annate Brit Care’i esimest korda, segage see järk-järgult senise toiduga ja suurendage Brit Care’i kogust 7 päeva jooksul. Päevane kogus võib varieeruda sõltuvalt koera keskkonnast, aktiivsusest ja vanusest. Tagage koerale pidev ligipääs värskele joogiveele. Hoida kuivas ja jahedas, päikese eest kaitstult, avatud pakend hoolikalt sulgeda.",
    "catalogPrice": 2.04,
    "unitPrice": 16.48,
    "availability": "",
    "shipping": "w czwartek",
    "loyaltyPoints": 12.36,
    "labels": [],
    "images": [
      "https://zooart.com.pl/hpeciai/9ce371b6e303adffd2110334b77555c4/pol_pl_BRIT-CARE-Dog-Hypoallergenic-Adult-Medium-Breed-Lamb-3kg-65814_1.webp",
      "https://zooart.com.pl/hpeciai/eabc6f3d2121e36c5a2ed2d9d5f4e2ea/pol_pl_BRIT-CARE-Dog-Hypoallergenic-Adult-Medium-Breed-Lamb-3kg-65814_2.webp",
      "https://zooart.com.pl/hpeciai/e442354796129f1b97f55720a9a88c72/pol_pl_BRIT-CARE-Dog-Hypoallergenic-Adult-Medium-Breed-Lamb-3kg-65814_4.webp"
    ],
    "sizes": [
      {
        "type": "onesize",
        "name": "uniwersalny",
        "price": 49.44,
        "priceEUR": 12.51
      }
    ],
    "productId": "65814",
    "catalogPriceEUR": 0.52,
    "unitPriceEUR": 4.17,
    "scrapedAt": "2025-07-30T17:50:59.255Z"
  },
  {
    "title": "BRIT 'CARE Dog Hypoallergenic Adult Medium' - Breed Lamb (1kg)",
    "url": "https://zooart.com.pl/product-pol-65815-BRIT-CARE-Dog-Hypoallergenic-Adult-Medium-Breed-Lamb-1kg.html",
    "brand": "Brit",
    "productCode": "100-172214",
    "series": "1kg",
    "shortDescription": "Täissööt täiskasvanud keskmist tõugu (10–25 kg) koertele – hüpoallergeenne lambaliha ja riisi retsept.",
    "longDescription": "Hüpoallergeenne lambaliha ja riisiga retsept täiskasvanud keskmist tõugu koertele (10–25 kg).\n\nSee ühe valguallika – lambaliha – baasil loodud täissööt on mõeldud täiskasvanud keskmist kasvu koertele, kellel on normaalne energiavajadus. Toidu koostisosad toetavad lihasmassi säilimist, pakkudes optimaalset aminohapete profiili, ning aitavad kaasa tervele nahale ja tugevale karvale. Hüpoallergeenne retsept aitab vähendada allergia- ja toidutalumatuse riski ning sobib eriti hästi tundliku seedimisega või erivajadustega koertele. Probiootikumid toetavad soolestiku mikrofloorat ja tugevdavad immuunsust. Maarjaohaka lisand toetab maksa tööd, ainevahetust ja organismi puhastumist.\n\nPEAMISED EELISED:\n- Immuunsüsteemi tugevdamine – probiootikumide ja antioksüdantide lisamine toetab seedetrakti tervist ja tugevdab organismi loomulikku kaitsevõimet.\n- Terve nahk ja tugev karv – parandab naha barjäärifunktsiooni ning soodustab terve ja tugeva karva kasvu.\n- Optimaalne lihasmass – tagab sobiva aminohapete profiili lihaskoe ülesehitamiseks ja taastamiseks.\n- Oluliste füsioloogiliste protsesside tugi – tauriin toetab silmade, südame ja rasvlahustuvate vitamiinide omastamist ning on tugev immuunsüsteemi stimulaator, kaitstes rakke vabade radikaalide kahjustuste eest.\n\nFUNKTSIONAALSED TOITAINED:\n- Kondroprotektorid: glükoosamiin ja kondroitiin\n- Maitsetaimed ja marjad\n- Tauriini lisand\n- Orgaanilised lisandid\n\nSAADAVAL PAKENDID: 1 kg, 3 kg, 12 kg\n\nKOOSTISOSAD:\n- dehüdreeritud lambaliha (40%)\n- riis (35%)\n- kuivatatud õunapulp\n- kanarasv\n- looduslik aroom\n- õllepärm\n- lõheõli (2%)\n- hernejahu\n- glükoosamiin (260 mg/kg)\n- fruktooligosahhariidid (200 mg/kg)\n- kondroitiinsulfaat (200 mg/kg)\n- mannanoligosahhariidid (150 mg/kg)\n- Mojave jukka (150 mg/kg)\n- maarjaohaka seemned (90 mg/kg)\n- β-glükaanid (50 mg/kg)\n- kuivatatud südamerohi (50 mg/kg)\n- kuivatatud astelpaju (50 mg/kg)\n- probiootikumid Lactobacillus helveticus HA – 122 inaktiveeritud (15x10^9 rakku/kg)\n\nTOITAINELINE ANALÜÜS:\n- toorvalk 26%\n- toorrasv 16%\n- niiskus 10%\n- toortuhk 7,2%\n- toorkiud 2,5%\n- kaltsium 1,4%\n- fosfor 1,0%\n- naatrium 0,4%\n\nTOIDULISANDID 1 kg kohta:\n- A-vitamiin (3a672a) 20 000 IU\n- D3-vitamiin (3a671) 1 500 IU\n- E-vitamiin (3a700) 500 mg\n- C-vitamiin (3a312) 300 mg\n- tauriin (3a370) 1 500 mg\n- koliinkloriid (3a890) 1 800 mg\n- L-karnitiin (3a910) 250 mg\n- B1-vitamiin (3a821) 2,5 mg\n- B2-vitamiin (3a825i) 9,6 mg\n- biotiin (3a880) 3,5 mg\n- foolhape (3a316) 1,2 mg\n- B6-vitamiin (3a831) 2,5 mg\n- kaltsium-D-pantotenaat (3a841) 25 mg\n- niatsiinamiid (3a315) 32,5 mg\n- B12-vitamiin 0,1 mg\n- jood (3b201) 0,8 mg\n- orgaaniline tsink (3b606) 85 mg\n- orgaaniline mangaan (3b504) 40 mg\n- orgaaniline vask (3b406) 18 mg\n- orgaaniline raud (3b106) 75 mg\n- orgaaniline seleen (3b810) 0,16 mg\n\nSisaldab looduslikke antioksüdante: tokoferooliekstrakt taimeõlidest (1b306(i)), askorbyülpalmitaat (1b304) ja rosmariiniekstrakt.\n\nMETABOOLNE ENERGIA: 3810 kcal/kg\n\nTOITMISJUHISED:\nSoovituslik päevane annus on toodud toitumistabelis ning tuleks jagada 1–2 võrdsesse portsjoni päeva jooksul. Toitu võib anda kuivalt või leige veega niisutatult. Kui annate Brit Care’i esimest korda, segage see alguses eelnevalt kasutatud toiduga ning suurendage Brit Care’i osa järk-järgult 7 päeva jooksul. Päevane annus võib varieeruda sõltuvalt koera keskkonnast, aktiivsusest ja vanusest. Koeral peab alati olema värske joogivesi saadaval. Hoida kuivas ja jahedas, päikesevalguse eest kaitstult, pärast avamist sulgeda pakend hoolikalt.",
    "catalogPrice": 2.04,
    "unitPrice": 2.031,
    "availability": "",
    "shipping": "w czwartek",
    "loyaltyPoints": 5.08,
    "labels": [],
    "images": [
      "https://zooart.com.pl/hpeciai/b42a6864e492a817259af3974e1df12b/pol_pl_BRIT-CARE-Dog-Hypoallergenic-Adult-Medium-Breed-Lamb-1kg-65815_2.webp",
      "https://zooart.com.pl/hpeciai/e442354796129f1b97f55720a9a88c72/pol_pl_BRIT-CARE-Dog-Hypoallergenic-Adult-Medium-Breed-Lamb-1kg-65815_4.webp"
    ],
    "sizes": [
      {
        "type": "onesize",
        "name": "uniwersalny",
        "price": 20.3,
        "priceEUR": 5.14
      }
    ],
    "productId": "65815",
    "catalogPriceEUR": 0.52,
    "unitPriceEUR": 0.51,
    "scrapedAt": "2025-07-30T17:52:36.690Z"
  },
  {
    "title": "BRIT 'CARE Dog Grain-free' - Puppy Salmon (3kg)",
    "url": "https://zooart.com.pl/product-pol-65820-BRIT-CARE-Dog-Grain-free-Puppy-Salmon-3kg.html",
    "brand": "Brit",
    "productCode": "100-172194",
    "series": "3kg",
    "shortDescription": "Täissööt kutsikatele ja noortele koertele kõikidest tõugudest (4 nädalat – 12 kuud). Teraviljavaba retsept lõhe ja kartuliga, sobib ka alustamiseks.",
    "longDescription": "Teraviljavaba lõhe ja kartuliga retsept on loodud spetsiaalselt kõikide tõugude kutsikatele ja noortele koertele vanuses 4 nädalat kuni 12 kuud. Sobib hästi ka startertoiduks. Toit sisaldab kõrge toiteväärtusega valke, mis toetavad kutsika tervislikku arengut ja immuunsust. Küllastumata rasvhapped aitavad hoida naha ja karvkatte tervist, toetavad aju tööd ning üldist füüsilist vormi. Retsept sobib eriti hästi koertele, kelle karvkate vajab erilist hoolt või kes on tundlikud erinevate toiduainete suhtes. Kondroprotektorid, tasakaalustatud kaltsiumi ja fosfori suhe ning mõõdukas energiasisaldus tagavad stabiilse ja terve kasvu, toetades luude, liigeste ja kõhrede arengut.\n\nPEAMISED EELISED:\n\nTERVE KASV\nÕige kaltsiumi ja fosfori suhe ning tasakaalustatud energiasisaldus tagavad stabiilse ja terve kasvu.\n\nLIIGESETE JA KÕHREDE TOETUS\nSisaldab kondroprotektoreid (glükoosamiin ja kondroitiin), mis toetavad liigeste, luude ja kõhrede arengut.\n\nIMMUUNSUSE TUGEVDAMINE\nProbiootikumid ja antioksüdandid toetavad seedetrakti tervist ja tugevdavad immuunsüsteemi.\n\nTOETUS INTENSIIVSELT ARENEVALE ORGANISMILE\nTauriin aitab kaasa olulistele arenguprotsessidele (silmad, aju, süda, reproduktiivsüsteem) ning tugevdab organismi rakke vabade radikaalide kahjuliku mõju eest.\n\nFUNKTSIONAALSED TOITAINED:\n- Kondroprotektorid: glükoosamiin ja kondroitiin\n- Maitsetaimed ja puuviljad\n- Pärm – looduslik inositooli, aminohapete ja peptiidide allikas\n- Tauriin\n- Orgaanilised lisandid\n\nSAADAVAL PAKENDID: 1 kg, 3 kg, 12 kg\n\nKOOSTISOSAD:\nlõhe (55%) (dehüdreeritud lõhe, hüdrolüüsitud lõhe),\nkartul (26%),\nkanarasv,\nlõheõli (3%),\nkuivatatud õunapulp,\nlooduslik aroom,\npagaripärm,\nhüdrolüüsitud pärm (0,5% – inositooli ja aminohapete allikas),\nhernajahud,\nglükoosamiin (300 mg/kg),\nfruktooligosahhariidid (230 mg/kg),\nkondroitiinsulfaat (230 mg/kg),\nmannanooligosahhariidid (180 mg/kg),\nJukka Mojave (180 mg/kg),\nmaarjaohaka seemned (110 mg/kg),\nβ-glükaanid (60 mg/kg),\nkuivatatud naistenõges (60 mg/kg),\nkuivatatud astelpaju (60 mg/kg),\ninaktiveeritud probiootikumid (Lactobacillus helveticus HA – 122) (15x10⁹ rakku/kg)\n\nANALÜÜTILISED KOOSTISOSAD:\ntoortvalk 30%\nrasvasisaldus 18%\nniiskus 10%\ntuhk 7,0%\ntoorkiud 2,5%\nkaltsium 1,2%\nfosfor 0,9%\nnaatrium 0,5%\n\nTOIDULISANDID 1 KG KOHTA:\nA-vitamiin (3a672a) 23 000 IU\nD3-vitamiin (3a671) 1 700 IU\nE-vitamiin (3a700) 550 mg\nC-vitamiin (3a312) 350 mg\ntauriin (3a370) 1 500 mg\nkoliinkloriid (3a890) 1 800 mg\nL-karnitiin (3a910) 300 mg\nB1-vitamiin (3a821) 3 mg\nB2-vitamiin (3a825i) 11 mg\nbiotiin (3a880) 4 mg\nfoolhape (3a316) 1,4 mg\nB6-vitamiin (3a831) 3 mg\nkaltsium-D-pantotenaat (3a841) 30 mg\nniatsiinamiid (3a315) 38 mg\nB12-vitamiin 0,12 mg\njood (3b201) 0,9 mg\norgaaniline tsink (3b606) 100 mg\norgaaniline mangaan (3b504) 45 mg\norgaaniline vask (3b406) 20 mg\norgaaniline raud (3b106) 88 mg\norgaaniline seleen (3b810) 0,18 mg\n\nSisaldab looduslikke antioksüdante: tokoferooliekstraktid taimsetest õlidest (1b306(i)), askorbyülpalmitaat (1b304), rosmariiniekstrakt.\n\nMETABOOLNE ENERGIA: 3930 kcal/kg\n\nTOITMISJUHEND:\nSoovituslikud päevased kogused on toodud toitmistabelis ning need tuleks jagada 3–5 võrdseks portsjoniks päeva jooksul. Toitu võib anda kuivalt või leotatult leiges vees. Kui Brit Care’i antakse esimest korda, segage seda varem kasutatud toiduga ning suurendage Brit Care’i kogust järk-järgult 7 päeva jooksul. Päevane kogus võib varieeruda sõltuvalt koera keskkonnast, aktiivsusest ja vanusest. Tagage alati värske joogivee olemasolu. Hoida jahedas ja kuivas kohas, kaitstuna otsese päikesevalguse eest. Pärast avamist sulgeda pakend hoolikalt.",
    "catalogPrice": null,
    "unitPrice": 17.05,
    "availability": "",
    "shipping": "w czwartek",
    "loyaltyPoints": 12.79,
    "labels": [],
    "images": [
      "https://zooart.com.pl/hpeciai/adc6dd17e930dccaa1d78d75791122fb/pol_pl_BRIT-CARE-Dog-Grain-free-Puppy-Salmon-3kg-65820_1.webp",
      "https://zooart.com.pl/hpeciai/46ef7bbea4d4d195c6794356b44ba844/pol_pl_BRIT-CARE-Dog-Grain-free-Puppy-Salmon-3kg-65820_2.webp",
      "https://zooart.com.pl/hpeciai/e0783b05b244b549ad13940891ec347b/pol_pl_BRIT-CARE-Dog-Grain-free-Puppy-Salmon-3kg-65820_4.webp"
    ],
    "sizes": [
      {
        "type": "onesize",
        "name": "uniwersalny",
        "price": 51.15,
        "priceEUR": 12.94
      }
    ],
    "productId": "65820",
    "catalogPriceEUR": null,
    "unitPriceEUR": 4.31,
    "scrapedAt": "2025-07-30T17:53:28.728Z"
  },
  {
    "title": "BRIT 'CARE Sustainable Sensitive Insect' - & Fish (3kg)",
    "url": "https://zooart.com.pl/product-pol-65831-BRIT-CARE-Sustainable-Sensitive-Insect-Fish-3kg.html",
    "brand": "Brit",
    "productCode": "100-172188",
    "series": "3kg",
    "shortDescription": "Täissööt täiskasvanud koertele kõikidest tõugudest – teraviljavaba retsept, mis on rikastatud putukate ja kalaga, sobib eriti tundliku naha ja karvkattega koertele.",
    "longDescription": "Brit Care Insect & Fish on innovaatiline, keskkonnasõbralik täissööt täiskasvanud koertele kõikidest tõugudest, eriti tundliku naha, seedimise ja karvkattega ning toiduallergiatele kalduvatele lemmikutele. Putukate ja kala baasil loodud retsept aitab toetada tervet seedimist, tugevdada immuunsust ning hoida naha ja karvkatte säravana. Kõrge omega-3 ja omega-6 rasvhapete sisaldus aitab vähendada karvade väljalangemist, naha kuivust ja kõõma. Kombinatsioon putuka- ja kalaproteiinist tagab oluliste toitainete kättesaadavuse ning minimeerib allergia- või talumatuse riski. Keskkonnasäästlik koostis vähendab ökoloogilist jalajälge 35% võrra võrreldes punasele lihale põhinevate toitudega.\n\nTOETUS ALLERGILISTELE KOERTELE\nToit ei sisalda kanarasva; selle asemel on kasutatud niisutavat kookosõli, mis sisaldab immuunsüsteemi toetavat lauriinhapet.\n\nIMMUUNSÜSTEEMI TUGEVDAMINE\nRetsept on rikastatud probiootikumide ja antioksüdantidega, mis toetavad seedetrakti tervist ja tugevdavad immuunsüsteemi.\n\nVÄIKE KESKKONNAJALAJÄLG\nPutukate kasvatamine vajab vähem energiat ja vett ning toetab zero waste põhimõtet.\n\nVÄHENDATUD ALLERGIA- JA TALUMATUSRISK\nOmega-3 (DHA ja EPA) rasvhapped aitavad kaitsta ja rahustada võimalikke põletikke, sobides hästi tundliku seedimisega koertele.\n\nFUNKTSIONAALSED TOITAINED:\n- Kookosõli – naha ja karvkatte tugi, lauriinhappe allikas\n- Linaseemned – alfa-linoleenhappe (ALA) allikas\n- Valge kala – EPA ja DHA allikas\n- Kondroprotektorid – glükoosamiin ja kondroitiin\n- Probiootikumid ja prebiootikumid – mannanoligosahhariidid, fruktooligosahhariidid, β-glükaanid, Lactobacillus helveticus\n- Lõheõli – Omega-3 rasvhapete allikas\n- Maitsetaimed ja marjad\n- Tauriin\n- Orgaanilised lisandid\n\nSAADAVAL PAKENDID: 1 kg, 3 kg, 12 kg\n\nKOOSTISOSAD:\n- Dehüdreeritud putukad (14%)\n- Dehüdreeritud valge kala (14%)\n- Kollane hernes (14%)\n- Roheline hernes (14%)\n- Kuivatatud õunapulp\n- Hernesvalk\n- Kookosõli (8%)\n- Hüdrolüüsitud valge kalavalk (4%)\n- Õllepärm\n- Lõheõli (2%)\n- Linaseemned (2%)\n- Munakoored\n- Hernene\n- Glükoosamiin (300 mg/kg)\n- Fruktooligosahhariidid (230 mg/kg)\n- Kondroitiinsulfaat (230 mg/kg)\n- Mannanoligosahhariidid (180 mg/kg)\n- Mojave jukka (180 mg/kg)\n- Maarjaohaka seemned (110 mg/kg)\n- β-glükaanid (60 mg/kg)\n- Kuivatatud naistenõges (60 mg/kg)\n- Kuivatatud astelpaju (60 mg/kg)\n- Probiootikumid Lactobacillus helveticus HA – 122 inaktiveeritud (15x10^9 rakku/kg)\n\nANALÜÜTILISED KOOSTISOSAD:\n- Toorvalk: 25%\n- Toorrasv: 13%\n- Niiskus: 10%\n- Toortuhk: 6,5%\n- Toorkiud: 3,2%\n- Kaltsium: 1,1%\n- Fosfor: 0,5%\n- Naatrium: 0,25%\n\nTOIDULISANDID 1 KG KOHTA:\n- A-vitamiin (3a672a): 23 000 IU\n- D3-vitamiin (3a671): 1 700 IU\n- E-vitamiin (3a700): 550 mg\n- C-vitamiin (3a312): 350 mg\n- Tauriin (3a370): 1 500 mg\n- Koliinkloriid (3a890): 1 800 mg\n- L-karnitiin (3a910): 300 mg\n- B1-vitamiin (3a821): 3 mg\n- B2-vitamiin (3a825i): 11 mg\n- Biotiin (3a880): 4 mg\n- Foolhape (3a316): 1,4 mg\n- B6-vitamiin (3a831): 3 mg\n- Kaltsium-D-pantotenaat (3a841): 30 mg\n- Niatsiinamiid (3a315): 38 mg\n- B12-vitamiin: 0,12 mg\n- Jood (3b201): 0,9 mg\n- Orgaaniline tsink (3b606): 100 mg\n- Orgaaniline mangaan (3b504): 45 mg\n- Orgaaniline vask (3b406): 20 mg\n- Orgaaniline raud (3b106): 88 mg\n- Orgaaniline seleen (3b810): 0,18 mg\n\nSisaldab looduslikke antioksüdante: tokoferooliekstraktid taimsetest õlidest (1b306(i)), askorüülpalmitaat (1b304) ja rosmariiniekstrakt.\n\nMETABOOLNE ENERGIA: 3650 kcal/kg\n\nTOITMISJUHISED:\nSoovitatavad päevased kogused on toodud toitmistabelis ja need tuleks jagada 1–2 portsjoniks päevas. Toitu võib anda kuivalt või leige veega niisutatult. Kui Brit Care toitu antakse esimest korda, segage seda eelnevalt kasutatud toiduga ning suurendage Brit Care kogust järk-järgult 7 päeva jooksul. Päevane kogus võib varieeruda sõltuvalt koera keskkonnast, aktiivsusest ja vanusest. Tagage koerale alati värske joogivesi. Hoida kuivas ja jahedas, päikesevalguse eest kaitstud kohas. Pärast avamist sulgeda pakend hoolikalt.",
    "catalogPrice": 4.08,
    "unitPrice": 19.76,
    "availability": "",
    "shipping": "w czwartek",
    "loyaltyPoints": 14.82,
    "labels": [],
    "images": [
      "https://zooart.com.pl/hpeciai/64f6445861022d83ceb5950073af9159/pol_pl_BRIT-CARE-Sustainable-Sensitive-Insect-Fish-3kg-65831_1.webp",
      "https://zooart.com.pl/hpeciai/6701a7d33cbe716d7bf4499f7f110742/pol_pl_BRIT-CARE-Sustainable-Sensitive-Insect-Fish-3kg-65831_2.webp",
      "https://zooart.com.pl/hpeciai/897759bbe51611575c104da5e303274a/pol_pl_BRIT-CARE-Sustainable-Sensitive-Insect-Fish-3kg-65831_3.webp"
    ],
    "sizes": [
      {
        "type": "onesize",
        "name": "uniwersalny",
        "price": 59.29,
        "priceEUR": 15
      }
    ],
    "productId": "65831",
    "catalogPriceEUR": 1.03,
    "unitPriceEUR": 5,
    "scrapedAt": "2025-07-30T17:54:24.823Z"
  },
  {
    "title": "BRIT 'CARE Sustainable Sensitive Insect' - & Fish (1kg)",
    "url": "https://zooart.com.pl/product-pol-65832-BRIT-CARE-Sustainable-Sensitive-Insect-Fish-1kg.html",
    "brand": "Brit",
    "productCode": "100-172187",
    "series": "1kg",
    "shortDescription": "Täissööt täiskasvanud koertele kõikidest tõugudest – teraviljavaba retsept rikkalikult putukate ja kalaga, sobib tundliku naha ja karvkattega koertele.",
    "longDescription": "Brit Care putukate ja kalaga koeratoit on loodud täiskasvanud koertele kõikidest tõugudest, eriti neile, kellel on tundlik seedimine, nahk või karvkate, mis vajab erilist hoolt või kalduvus toiduallergiatele. Keskkonnasäästlik retsept aitab tagada tervisliku seedimise ning kõrge oomega-3 ja oomega-6 rasvhapete sisaldus toetab naha ja karvkatte tervist ning läiget. Toidus sisalduvad koostisosad tugevdavad karva, vähendavad karva väljalangemist, naha kuivust ja kõõma. Putukate ja kala valguallikad aitavad vähendada allergiate või talumatuste riski ning looduslikud ja orgaanilised koostisosad aitavad vähendada keskkonnamõju kuni 35% võrreldes punasel lihal põhinevate toitudega.\n\nTOETUS ALLERGILISTELE KOERTELE\nToit ei sisalda kanarasva, mis on asendatud niisutava kookosõliga – see on lauriinhappe allikas, mis toetab immuunsüsteemi.\n\nIMMUUNSÜSTEEMI TUGEVDAMINE\nRetsepti on rikastatud probiootikumide ja antioksüdantidega, et toetada seedetrakti tervist ja tugevdada immuunsust.\n\nVÄIKSEM KESKKONNAJALAJÄLG\nSpetsiaalselt välja töötatud keskkonnasõbralik retsept aitab vähendada süsinikujalajälge. Putukate kasvatamine vajab vähem energiat ja vett, kasutab tõhusamalt maad ning toetab nulljäätmete põhimõtet.\n\nVÄHENDATUD ALLERGIARISK\nToidus on piisavalt oomega-3 (DHA ja EPA) rasvhappeid, mis aitavad kaitsta organismi, pärssides põletikke – oluline tundliku seedimisega või allergilistele koertele.\n\nFUNKTSIONAALSED TOITAINED:\n- Kookosõli – naha ja karvkatte tugi, lauriinhappe allikas\n- Linaseemned – alfa-linoleenhappe (ALA) allikas\n- Valge kala – EPA ja DHA allikas\n- Kondroprotektorid – glükoosamiin ja kondroitiin\n- Probiootikumid ja prebiootikumid – mannanoligosahhariidid, fruktooligosahhariidid, β-glükaanid, Lactobacillus helveticus\n- Lõheõli – oomega-3 rasvhapete allikas\n- Maitsetaimed ja marjad\n- Tauriin\n- Orgaanilised lisandid\n\nSAADAVAL PAKENDID: 1 kg, 3 kg, 12 kg\n\nKOOSTISOSAD:\nDehüdreeritud putukad (14%), dehüdreeritud valge kala (14%), kollane hernes (14%), roheline hernes (14%), kuivatatud õunapulp, hernevalk, kookosõli (8%), hüdrolüüsitud valge kalavalk (4%), õllepärm, lõheõli (2%), linaseemned (2%), munakoored, hernejahu, glükoosamiin (300 mg/kg), fruktooligosahhariidid (230 mg/kg), kondroitiinsulfaat (230 mg/kg), mannanoligosahhariidid (180 mg/kg), Mojave jukka (180 mg/kg), hariliku maarjaohaka seemned (110 mg/kg), β-glükaanid (60 mg/kg), kuivatatud südamerohi (60 mg/kg), kuivatatud astelpaju (60 mg/kg), probiootikumid Lactobacillus helveticus HA – 122 inaktiveeritud (15x10^9 rakku/kg).\n\nTOITAINELISED NÄITAJAD:\nToorvalk 25%\nToorrasv 13%\nNiiskus 10%\nToortuhk 6,5%\nToorkiud 3,2%\nKaltsium 1,1%\nFosfor 0,5%\nNaatrium 0,25%\n\nTOIDULISANDID 1 KG KOHTA:\n- A-vitamiin (3a672a) 23 000 IU\n- D3-vitamiin (3a671) 1 700 IU\n- E-vitamiin (3a700) 550 mg\n- C-vitamiin (3a312) 350 mg\n- Tauriin (3a370) 1 500 mg\n- Koliinkloriid (3a890) 1 800 mg\n- L-karnitiin (3a910) 300 mg\n- B1-vitamiin (3a821) 3 mg\n- B2-vitamiin (3a825i) 11 mg\n- Biotiin (3a880) 4 mg\n- Foolhape (3a316) 1,4 mg\n- B6-vitamiin (3a831) 3 mg\n- D-kaltsiumpantotenaat (3a841) 30 mg\n- Niatsiinamiid (3a315) 38 mg\n- B12-vitamiin 0,12 mg\n- Jood (3b201) 0,9 mg\n- Orgaaniline tsink (3b606) 100 mg\n- Orgaaniline mangaan (3b504) 45 mg\n- Orgaaniline vask (3b406) 20 mg\n- Orgaaniline raud (3b106) 88 mg\n- Orgaaniline seleen (3b810) 0,18 mg\n\nSisaldab looduslikke antioksüdante: taimeõlidest saadud tokoferooliekstraktid (1b306(i)), askorbüülpalmitaat (1b304), rosmariiniekstrakt.\n\nMETABOOLNE ENERGIA: 3650 kcal/kg.\n\nTOITMISJUHISED:\nSoovituslikud päevased kogused on toodud toitmistabelis ning tuleks jagada 1–2 võrdsesse portsjoni ja anda päeva jooksul. Toitu võib anda kuivalt või leiges vees niisutatult. Kui annate Brit Care’i esmakordselt, segage see järk-järgult senise toiduga ning suurendage Brit Care’i kogust 7 päeva jooksul. Päevane kogus võib varieeruda sõltuvalt koera keskkonnast, aktiivsusest ja vanusest. Tagage alati värske joogivee olemasolu. Hoida jahedas ja kuivas, päikese eest kaitstud kohas, pärast avamist sulgeda pakend uuesti.",
    "catalogPrice": 4.08,
    "unitPrice": 23.98,
    "availability": "",
    "shipping": "w czwartek",
    "loyaltyPoints": 6,
    "labels": [],
    "images": [
      "https://zooart.com.pl/hpeciai/4533c6cc7e5461c683e04d8d6a3534a8/pol_pl_BRIT-CARE-Sustainable-Sensitive-Insect-Fish-1kg-65832_1.webp",
      "https://zooart.com.pl/hpeciai/897759bbe51611575c104da5e303274a/pol_pl_BRIT-CARE-Sustainable-Sensitive-Insect-Fish-1kg-65832_3.webp"
    ],
    "sizes": [
      {
        "type": "onesize",
        "name": "uniwersalny",
        "price": 23.98,
        "priceEUR": 6.07
      }
    ],
    "productId": "65832",
    "catalogPriceEUR": 1.03,
    "unitPriceEUR": 6.07,
    "scrapedAt": "2025-07-30T17:55:24.206Z"
  },
  {
    "title": "BRIT 'CARE Dog Grain-free' - Puppy Salmon (1kg)",
    "url": "https://zooart.com.pl/product-pol-65845-BRIT-CARE-Dog-Grain-free-Puppy-Salmon-1kg.html",
    "brand": "Brit",
    "productCode": "100-172193",
    "series": "1kg",
    "shortDescription": "Täissööt kutsikatele ja noortele koertele kõikidest tõugudest (4 nädalat – 12 kuud). Teraviljavaba retsept lõhe ja kartulitega, sobib ka alustamiseks.",
    "longDescription": "Teraviljavaba lõhe ja kartulitega retsept on loodud kutsikatele ja noortele koertele kõikidest tõugudest (alates 4. elunädalast kuni 12. elukuuni). Sobib ideaalselt ka alustamiseks. Täissööt sisaldab kõrge toiteväärtusega valke, mis toetavad kutsika tervislikku arengut ja immuunsust. Küllastumata rasvhapped hoolitsevad naha ja karvkatte tervise eest ning soodustavad aju tööd ja üldist heaolu. Retsept sobib eriti hästi noortele koertele, kelle karv vajab erilist hoolt, kes soovivad säilitada optimaalset füüsilist vormi või kellel esineb toidutalumatusi. Kondroprotektorite lisamine, täiuslikult tasakaalustatud kaltsiumi ja fosfori suhe ning mõõdukas energiasisaldus aitavad kaasa stabiilsele ja tervislikule kasvule, toetades luude, liigeste ja kõhrede arengut.\n\nPEAMISED EELISED:\n\nTERVISLIK KASV\nSobiv kaltsiumi-fosfori suhe ja tasakaalustatud energiasisaldus stabiilse ja tervisliku kasvu tagamiseks.\n\nLIIGESTE JA KÕHREDE TOETUS\nSisaldab kondroprotektoreid (glükoosamiin ja kondroitiin), mis toetavad liigeste, luude ja kõhrede arengut.\n\nIMMUUNSÜSTEEMI TOETUS\nRetsept on rikastatud probiootikumide ja antioksüdantidega, mis toetavad seedetrakti tervist ja tugevdavad immuunsust.\n\nTOETUS INTENSIIVSEKS ARENGUKS\nTauriin toetab olulisi arenguprotsesse (silmad, aju, süda, närvisüsteem) ning on tugev immuunsüsteemi stimulaator, kaitstes rakke vabade radikaalide eest.\n\nFUNKTSIONAALSED TOITAINED:\n- Kondroprotektorid: glükoosamiin ja kondroitiin\n- Maitsetaimed ja puuviljad\n- Õllepärm – looduslik inositooli, aminohapete ja peptiidide allikas\n- Tauriin\n- Orgaanilised lisandid\n\nSAADAVAL PAKENDID: 1kg, 3kg, 12kg\n\nKOOSTISOSAD:\nlõhe (55%) (dehüdreeritud lõhe, hüdrolüüsitud lõhe),\nkartul (26%),\nkanarasv,\nlõheõli (3%),\nkuivatatud õunapulp,\nlooduslik lõhna- ja maitseaine,\nõllepärm,\nhüdrolüüsitud pärm (0,5% – inositooli ja aminohapete allikas),\nhernejahu,\nglükoosamiin (300 mg/kg),\nfruktooligosahhariidid (230 mg/kg),\nkondroitiinsulfaat (230 mg/kg),\nmannanooligosahhariidid (180 mg/kg),\nJukka Mojave (180 mg/kg),\nmaarjaohaka seemned (110 mg/kg),\nβ-glükaanid (60 mg/kg),\nkuivatatud naistenõges (60 mg/kg),\nkuivatatud astelpaju (60 mg/kg),\nprobiotikumid Lactobacillus helveticus HA – 122 inaktiveeritud (15x10⁹ rakku/kg)\n\nANALÜÜTILISED KOOSTISOSAD:\ntoorravk 30%\nrasvasisaldus 18%\nniiskus 10%\ntuhk 7,0%\ntoorkiud 2,5%\nkaltsium 1,2%\nfosfor 0,9%\nnaatrium 0,5%\n\nTOIDULISANDID 1 KG KOHTA:\nA-vitamiin (3a672a): 23 000 IU\nD3-vitamiin (3a671): 1 700 IU\nE-vitamiin (3a700): 550 mg\nC-vitamiin (3a312): 350 mg\ntauriin (3a370): 1 500 mg\nkoliinkloriid (3a890): 1 800 mg\nL-karnitiin (3a910): 300 mg\nB1-vitamiin (3a821): 3 mg\nB2-vitamiin (3a825i): 11 mg\nbiotiin (3a880): 4 mg\nfoolhape (3a316): 1,4 mg\nB6-vitamiin (3a831): 3 mg\nD-kaltsiumpantotenaat (3a841): 30 mg\nniatsiinamiid (3a315): 38 mg\nB12-vitamiin: 0,12 mg\njood (3b201): 0,9 mg\norgaaniline tsink (3b606): 100 mg\norgaaniline mangaan (3b504): 45 mg\norgaaniline vask (3b406): 20 mg\norgaaniline raud (3b106): 88 mg\norgaaniline seleen (3b810): 0,18 mg\n\nSisaldab looduslikke antioksüdante: tokoferooliekstraktid taimsetest õlidest (1b306(i)), askorbiinpalmitaat (1b304), rosmariiniekstrakt.\n\nMETABOOLNE ENERGIA: 3930 kcal/kg\n\nTOITMISJUHISED:\nSoovitatud päevased kogused on toodud toitmistabelis ning need tuleks jagada 3–5 võrdseks portsjoniks päeva jooksul. Toitu võib anda kuivalt või niisutatult leige veega. Kui annad Brit Care’i esimest korda, sega see eelnevalt kasutatud toiduga ja suurenda Brit Care’i osa järk-järgult 7 päeva jooksul. Päevane kogus võib varieeruda sõltuvalt koera keskkonnast, aktiivsusest ja vanusest. Koeral peab olema alati värske joogivesi saadaval. Hoida kuivas ja jahedas kohas, eemal otsesest päikesevalgusest, pärast avamist sulgeda pakend hoolikalt.",
    "catalogPrice": null,
    "unitPrice": 2.131,
    "availability": "",
    "shipping": "w czwartek",
    "loyaltyPoints": 5.31,
    "labels": [],
    "images": [
      "https://zooart.com.pl/hpeciai/ff2cbd7e08e56a4cd730c50afb265923/pol_pl_BRIT-CARE-Dog-Grain-free-Puppy-Salmon-1kg-65845_2.webp",
      "https://zooart.com.pl/hpeciai/e0783b05b244b549ad13940891ec347b/pol_pl_BRIT-CARE-Dog-Grain-free-Puppy-Salmon-1kg-65845_4.webp"
    ],
    "sizes": [
      {
        "type": "onesize",
        "name": "uniwersalny",
        "price": 21.25,
        "priceEUR": 5.38
      }
    ],
    "productId": "65845",
    "catalogPriceEUR": null,
    "unitPriceEUR": 0.54,
    "scrapedAt": "2025-07-30T17:56:28.612Z"
  },
  {
    "title": "BRIT 'CARE Dog Grain-free Junior Large' - Breed Salmon (3kg)",
    "url": "https://zooart.com.pl/product-pol-65847-BRIT-CARE-Dog-Grain-free-Junior-Large-Breed-Salmon-3kg.html",
    "brand": "Brit",
    "productCode": "100-172200",
    "series": "3kg",
    "shortDescription": "Täissööt noortele suurtele koertele (3 kuud – 2 aastat) – teraviljavaba retsept lõhe ja kartuliga.",
    "longDescription": "Brit Care teraviljavaba lõhe ja kartuliga koeratoit on loodud noortele suurtele tõugudele (alates 3. elukuust kuni 2. eluaastani, täiskasvanuna kaaluga üle 25 kg). See täisväärtuslik toit sisaldab kõrge toiteväärtusega valke, mis toetavad kutsika tervislikku kasvu ja tugevdavad immuunsust. Küllastumata rasvhapped hoolitsevad naha ja karvkatte heaolu eest, toetavad aju tööd ning hoiavad koera heas füüsilises vormis. Retsept sobib eriti suurtele tõugudele, kellel on vaja erilist hoolt karvkatte eest, soovivad säilitada optimaalset füüsilist vormi või kellel esineb toidutalumatusi. Kondroprotektorid, tasakaalustatud kaltsiumi ja fosfori suhe ning sobiv energiasisaldus toetavad stabiilset kasvu ning aitavad kaasa luude, liigeste ja kõhrede arengule.\n\nPEAMISED EELISED:\n\n- Tervislik kasv: tasakaalustatud valgu- ja rasvasisaldus stabiilseks arenguks\n- Liigeste ja kõhrede tugi: glükoosamiini ja kondroitiini lisand\n- Immuunsuse tugevdamine: probiootikumid ja antioksüdandid seedimise ja immuunsuse heaks\n- Toetus intensiivsele kasvule: tauriin silmade, aju, südame ja immuunsüsteemi arenguks\n\nFunktsionaalsed toitained:\n- Probiootikumid ja prebiootikumid: mannanoligosahhariidid, fruktooligosahhariidid, B-glükaanid, Lactobacillus helveticus\n- Lõheõli: oomega-3 rasvhapete allikas\n- Maitsetaimed ja marjad\n- Õllepärm: looduslik inositooli, aminohapete ja peptiidide allikas\n- Tauriin\n- Orgaanilised lisandid\n\nSAADAVAL PAKENDID: 1 kg, 3 kg, 12 kg\n\nKOOSTISOSAD:\nLõhe (52%) (kuivatatud lõhe, hüdrolüüsitud lõhe), kartul (26%), kanarasv, kuivatatud õunapulp, lõheõli (3%), looduslik aroom, õllepärm, hüdrolüüsitud pärm (0,5% – inositooli ja aminohapete allikas), hernejahu, glükoosamiin (300 mg/kg), fruktooligosahhariidid (230 mg/kg), kondroitiinsulfaat (230 mg/kg), mannanoligosahhariidid (180 mg/kg), Mojave jukka (180 mg/kg), maarjaohaka seemned (110 mg/kg), β-glükaanid (60 mg/kg), kuivatatud naistenõges (60 mg/kg), kuivatatud astelpaju (60 mg/kg), probiootikumid Lactobacillus helveticus HA – 122 inaktiveeritud (15x10⁹ rakku/kg)\n\nANALÜÜTILISED KOOSTISOSAD:\nToorvalk 28%\nToorrasv 15%\nNiiskus 10%\nToortuhk 7,0%\nToorkiud 3,2%\nKaltsium 1,2%\nFosfor 0,9%\nNaatrium 0,5%\n\nTOIDULISANDID 1 KG KOHTA:\nVitamiin A (3a672a) 23 000 IU\nVitamiin D3 (3a671) 1 700 IU\nVitamiin E (3a700) 550 mg\nVitamiin C (3a312) 350 mg\nTauriin (3a370) 1 500 mg\nKoliinkloriid (3a890) 1 800 mg\nL-karnitiin (3a910) 300 mg\nVitamiin B1 (3a821) 3 mg\nVitamiin B2 (3a825i) 11 mg\nBiotiin (3a880) 4 mg\nFoolhape (3a316) 1,4 mg\nVitamiin B6 (3a831) 3 mg\nKaltsium-D-pantotenaat (3a841) 30 mg\nNiatsiinamiid (3a315) 38 mg\nVitamiin B12 0,12 mg\nJood (3b201) 0,9 mg\nOrgaaniline tsink (3b606) 100 mg\nOrgaaniline mangaan (3b504) 45 mg\nOrgaaniline vask (3b406) 20 mg\nOrgaaniline raud (3b106) 88 mg\nOrgaaniline seleen (3b810) 0,18 mg\n\nSisaldab looduslikke antioksüdante: tokoferooliekstraktid taimsetest õlidest (1b306(i)), askorbyülpalmitaat (1b304), rosmariiniekstrakt.\n\nMETABOOLNE ENERGIA: 3730 kcal/kg\n\nTOITMISJUHISED:\nSoovitatud päevane toidukogus on toodud toitmistabelis ning tuleks jagada 2-3 võrdseks portsjoniks päeva jooksul. Toitu võib anda kuivalt või leige veega niisutatult. Kui Brit Care toitu antakse esimest korda, segage see eelnevalt kasutatud toiduga ja suurendage Brit Care osakaalu järk-järgult 7 päeva jooksul. Päevane kogus võib varieeruda sõltuvalt koera keskkonnast, aktiivsusest ja vanusest. Tagage koerale pidev juurdepääs värskele veele. Hoida kuivas ja jahedas kohas, eemal otsesest päikesevalgusest. Pärast avamist sulgeda pakend hoolikalt.",
    "catalogPrice": null,
    "unitPrice": 17.32,
    "availability": "",
    "shipping": "w czwartek",
    "loyaltyPoints": 12.99,
    "labels": [],
    "images": [
      "https://zooart.com.pl/hpeciai/ea759553048f6728ddbe99fa896b8d87/pol_pl_BRIT-CARE-Dog-Grain-free-Junior-Large-Breed-Salmon-3kg-65847_2.webp",
      "https://zooart.com.pl/hpeciai/927e4aa3e38784d6db5e27592f75ca8a/pol_pl_BRIT-CARE-Dog-Grain-free-Junior-Large-Breed-Salmon-3kg-65847_1.webp",
      "https://zooart.com.pl/hpeciai/c3867a2a54757f1d63d72604734f6c49/pol_pl_BRIT-CARE-Dog-Grain-free-Junior-Large-Breed-Salmon-3kg-65847_4.webp"
    ],
    "sizes": [
      {
        "type": "onesize",
        "name": "uniwersalny",
        "price": 51.95,
        "priceEUR": 13.14
      }
    ],
    "productId": "65847",
    "catalogPriceEUR": null,
    "unitPriceEUR": 4.38,
    "scrapedAt": "2025-07-30T17:56:59.057Z"
  }
]